<!DOCTYPE html><html><body data-new-gr-c-s-check-loaded="14.1063.0" data-gr-ext-installed="" class="ng-tns-0-1">
<eg-root _nghost-wkf-c19="" ng-version="12.2.15"><div _ngcontent-wkf-c19="" class="lds-spinner" style="display: none;"><div _ngcontent-wkf-c19=""></div><div _ngcontent-wkf-c19=""></div><div _ngcontent-wkf-c19=""></div><div _ngcontent-wkf-c19=""></div><div _ngcontent-wkf-c19=""></div><div _ngcontent-wkf-c19=""></div><div _ngcontent-wkf-c19=""></div><div _ngcontent-wkf-c19=""></div><div _ngcontent-wkf-c19=""></div><div _ngcontent-wkf-c19=""></div><div _ngcontent-wkf-c19=""></div><div _ngcontent-wkf-c19=""></div></div><div _ngcontent-wkf-c19="" class="mask" style="display: none;"></div><eg-modal-error-long _ngcontent-wkf-c19="" _nghost-wkf-c18=""></eg-modal-error-long><router-outlet _ngcontent-wkf-c19=""></router-outlet><eg-base _nghost-wkf-c229="" class="ng-star-inserted"><div _ngcontent-wkf-c229="" class="base-component base-catalogues-module in-catalogue"><eg-right-sidenav _ngcontent-wkf-c229="" _nghost-wkf-c169=""><!----><eg-right-sidenav-mobile _ngcontent-wkf-c169="" _nghost-wkf-c168="" class="ng-star-inserted"><div _ngcontent-wkf-c168="" class="cart__mobile d-lg-none"><div _ngcontent-wkf-c168="" class="protector"></div><div _ngcontent-wkf-c168="" class="cart__mobile__wrapper sensor"><header _ngcontent-wkf-c168="" class="cart__mobile__header"><button _ngcontent-wkf-c168="" id="btn-minicartresp-closecart" type="button" data-target="#dropdownCartDesktop" class="btn btn-link close cart-toggler"><span _ngcontent-wkf-c168="" class="icon"><svg-icon _ngcontent-wkf-c168="" src="assets/svg/close.svg"><svg xmlns="http://www.w3.org/2000/svg" viewBox="0 0 20 20" _ngcontent-wkf-c168="" aria-hidden="true" style="height: 16px; width: 20px;">
    <path d="M12,10l7.56-7.57a1.38,1.38,0,0,0,0-2,1.45,1.45,0,0,0-2,0L10,8,2.44.4a1.43,1.43,0,0,0-1-.4,1.43,1.43,0,0,0-1,.4,1.38,1.38,0,0,0,0,2L8,10,.43,17.55a1.38,1.38,0,0,0,0,2,1.62,1.62,0,0,0,.45.34,1.32,1.32,0,0,0,.55.1A1.32,1.32,0,0,0,2,19.9a1.62,1.62,0,0,0,.45-.34L10,12l7.56,7.57a1.38,1.38,0,0,0,.52.34,1.22,1.22,0,0,0,1,0,1.4,1.4,0,0,0,.52-2.35Z" fill="#c30d25" _ngcontent-wkf-c168=""></path>
</svg></svg-icon></span></button><div _ngcontent-wkf-c168="" class="title">Mon panier <small _ngcontent-wkf-c168="">0 Produits</small></div><div _ngcontent-wkf-c168="" class="d-flex justify-content-between"><div _ngcontent-wkf-c168="" class="position-relative p-0"><button _ngcontent-wkf-c168="" id="btn-minicartresp-toggleref" type="button" class="btn btn-link js-bodyToggler sidenav"><span _ngcontent-wkf-c168="" class="icon"><svg-icon _ngcontent-wkf-c168="" src="assets/svg/hashtag.svg"><svg xmlns="http://www.w3.org/2000/svg" viewBox="0 0 12.8 17.77" _ngcontent-wkf-c168="" aria-hidden="true" style="height: 15px; width: 12.8px;">
                                <title _ngcontent-wkf-c168="">hashtag</title>
                                <path d="M1,17.77l1-5H0V11H2.33L3.2,6.77H0V5H3.55l1-5H6.33l-1,5H9l1-5h1.77l-1,5h2V6.77H10.42L9.54,11H12.8v1.75H9.19l-1,5H6.41l1-5H3.74l-1,5ZM4.09,11H7.77l.88-4.25H5Z" fill="#c30d25" _ngcontent-wkf-c168=""></path>
                            </svg></svg-icon></span><span _ngcontent-wkf-c168="" class="ng-star-inserted">Référence<br _ngcontent-wkf-c168="">de commande</span><!----><!----></button><div _ngcontent-wkf-c168="" class="reference-input"><div _ngcontent-wkf-c168="" class="input-group"><input _ngcontent-wkf-c168="" id="input-minicartresp-ref" type="text" maxlength="10" placeholder="'ex: TR45654600'" class="form-control ng-untouched ng-pristine ng-valid"><div _ngcontent-wkf-c168="" data-bodyclass="js-cart-reference-open" class="input-group-append js-bodyToggler"><button _ngcontent-wkf-c168="" id="btn-minicartresp-submitref" class="btn btn-default"><div _ngcontent-wkf-c168="" class="content"><span _ngcontent-wkf-c168="" class="label">Valider</span></div></button></div><div _ngcontent-wkf-c168="" id="btn-minicartresp-closeref" class="input-group-append input-group-close js-bodyToggler">Fermer </div></div></div></div><!----><button _ngcontent-wkf-c168="" id="btn-minicartresp-clearcart" type="button" class="btn btn-link sidenav"><span _ngcontent-wkf-c168="" class="icon"><svg _ngcontent-wkf-c168="" xmlns="http://www.w3.org/2000/svg" width="16.78" height="17.64" viewBox="0 0 16.78 17.64"><title _ngcontent-wkf-c168="">trash</title><path _ngcontent-wkf-c168="" d="M16.33,2.45H11.27V1.59A1.58,1.58,0,0,0,9.71,0H7.07A1.58,1.58,0,0,0,5.5,1.59v.86H.45A.45.45,0,0,0,0,2.91a.43.43,0,0,0,.4.45H1.86V14.23a3.38,3.38,0,0,0,3.36,3.41h6.38a3.38,3.38,0,0,0,3.36-3.41V3.36h1.39a.43.43,0,0,0,.45-.45A.45.45,0,0,0,16.33,2.45ZM6.4,1.59A.68.68,0,0,1,7.07.91H9.71a.68.68,0,0,1,.67.68v.86h-4ZM14,14.23a2.48,2.48,0,0,1-2.46,2.5H5.21a2.48,2.48,0,0,1-2.46-2.5V3.36H14Z" fill="#c30d25"></path><path _ngcontent-wkf-c168="" d="M5.32,14.11a.45.45,0,0,0,.45-.45V5.93a.45.45,0,1,0-.89,0v7.73A.45.45,0,0,0,5.32,14.11Z" fill="#c30d25"></path><path _ngcontent-wkf-c168="" d="M8.39,14.11a.45.45,0,0,0,.45-.45V5.93a.45.45,0,1,0-.89,0v7.73A.45.45,0,0,0,8.39,14.11Z" fill="#c30d25"></path><path _ngcontent-wkf-c168="" d="M11.45,14.11a.45.45,0,0,0,.45-.45V5.93a.45.45,0,1,0-.89,0v7.73A.45.45,0,0,0,11.45,14.11Z" fill="#c30d25"></path></svg></span><span _ngcontent-wkf-c168="">Vider le panier</span></button></div></header><div _ngcontent-wkf-c168="" class="cart-scroller"><div _ngcontent-wkf-c168="" class="cart-container cart__mobile__main"><div _ngcontent-wkf-c168="" class="cart-wrapper"><h3 _ngcontent-wkf-c168="" id="noProducts" class="ng-star-inserted">Votre panier est vide</h3><!----><eg-product-list _ngcontent-wkf-c168="" showtrashbtninproductsummary="true" productviewmode="mini-cart-responsive" listviewmode="cart" viewmodesuggestionresponsive="viewModeSuggestionResponsive" _nghost-wkf-c159="" class="ng-star-inserted"><!----><!----><div _ngcontent-wkf-c159="" id="productListContainer" class="productListContainer"><!----><!----><!----><!----><!----><!----></div><!----></eg-product-list><!----><eg-cart-suggestion _ngcontent-wkf-c168="" productviewmode="suggestion-responsive" _nghost-wkf-c167="" class="ng-star-inserted"><!----><eg-modal-error-top-horaire _ngcontent-wkf-c167="" _nghost-wkf-c162=""></eg-modal-error-top-horaire><div _ngcontent-wkf-c167="" class="card card-livraison card__collapse"><div _ngcontent-wkf-c167="" data-toggle="collapse" class="card-header collapsed" aria-expanded="false"><div _ngcontent-wkf-c167="" class="d-flex align-items-center justify-content-between w-100"><!----></div></div><!----><div _ngcontent-wkf-c167="" id="collapseLivraison" aria-labelledby="accordionLivraisonHeading" class="collapse" aria-hidden="true" style="display: none;"><div _ngcontent-wkf-c167="" class="card-body"><ngb-carousel _ngcontent-wkf-c167="" tabindex="0" interval="false" class="carousel slide ng-star-inserted" style="display: block;"><ol class="carousel-indicators ng-star-inserted"><!----></ol><!----><div class="carousel-inner"><!----></div><a role="button" class="carousel-control-prev ng-star-inserted"><span aria-hidden="true" class="carousel-control-prev-icon"></span><span class="sr-only">Previous</span></a><!----><a role="button" class="carousel-control-next ng-star-inserted"><span aria-hidden="true" class="carousel-control-next-icon"></span><span class="sr-only">Next</span></a><!----></ngb-carousel><!----><div _ngcontent-wkf-c167="" class="lienSuggestion"><a _ngcontent-wkf-c167="" fragment="divSuggestion" href="/egourmet/page/cart-detail#divSuggestion">Voir toutes nos suggestions</a></div></div></div><div _ngcontent-wkf-c167="" class="m-2 ng-star-inserted"><div _ngcontent-wkf-c167="" class="red sizeLarger"> Nos suggestions</div><ngb-carousel _ngcontent-wkf-c167="" tabindex="0" interval="false" class="carousel slide responsive ng-star-inserted" style="display: block;"><ol class="carousel-indicators ng-star-inserted"><!----></ol><!----><div class="carousel-inner"><!----></div><a role="button" class="carousel-control-prev ng-star-inserted"><span aria-hidden="true" class="carousel-control-prev-icon"></span><span class="sr-only">Previous</span></a><!----><a role="button" class="carousel-control-next ng-star-inserted"><span aria-hidden="true" class="carousel-control-next-icon"></span><span class="sr-only">Next</span></a><!----></ngb-carousel><!----><div _ngcontent-wkf-c167="" class="lienSuggestionResponsive"><a _ngcontent-wkf-c167=""> Voir toutes nos suggestions </a></div></div><!----><!----><!----></div></eg-cart-suggestion><!----></div></div></div><footer _ngcontent-wkf-c168="" class="cart__mobile__footer"><eg-cart-detail-encart _ngcontent-wkf-c168="" _nghost-wkf-c166=""><!----><eg-modal-error-top-horaire _ngcontent-wkf-c166="" _nghost-wkf-c162=""></eg-modal-error-top-horaire><eg-modal-message _ngcontent-wkf-c166="" _nghost-wkf-c164=""></eg-modal-message><div _ngcontent-wkf-c166="" class="card card-livraison card__collapse"><div _ngcontent-wkf-c166="" data-toggle="collapse" class="card-header collapsed position-relative" aria-expanded="false"><div _ngcontent-wkf-c166="" class="d-flex align-items-center justify-content-between w-100"><!----><span _ngcontent-wkf-c166="" class="ng-star-inserted"> Voir les détails de la commande</span><span _ngcontent-wkf-c166="" class="icon ng-star-inserted"><svg _ngcontent-wkf-c166="" xmlns="http://www.w3.org/2000/svg" width="7.6" height="4.6" viewBox="0 0 7.6 4.6"><title _ngcontent-wkf-c166="">collapse</title><path _ngcontent-wkf-c166="" d="M3.8,4.6a.8.8,0,0,1-.57-.23l-3-3A.8.8,0,0,1,1.37.23L3.8,2.67,6.23.23A.8.8,0,0,1,7.37,1.37l-3,3A.8.8,0,0,1,3.8,4.6Z" fill="#c30d25"></path></svg></span><!----><!----></div></div><!----><div _ngcontent-wkf-c166="" data-toggle="collapse" class="card-header collapsed position-relative" aria-expanded="false"><div _ngcontent-wkf-c166="" class="d-flex align-items-center justify-content-between w-100"><!----></div></div><div _ngcontent-wkf-c166="" class="bgColor"><div _ngcontent-wkf-c166="" id="collapseLivraison" aria-labelledby="accordionLivraisonHeading" class="collapse" aria-hidden="true" style="display: none;"><div _ngcontent-wkf-c166="" class="card-body"><div _ngcontent-wkf-c166="" class="details border-bottom"><div _ngcontent-wkf-c166="" class="d-flex align-items-center justify-content-between"><span _ngcontent-wkf-c166="">Total HT</span><strong _ngcontent-wkf-c166="">0,00&nbsp;€</strong></div><!----><!----><!----><!----><!----></div><div _ngcontent-wkf-c166="" class="addresses row ng-star-inserted"><div _ngcontent-wkf-c166="" class="col"><!----><address _ngcontent-wkf-c166=""><br _ngcontent-wkf-c166=""> <br _ngcontent-wkf-c166="">   </address></div><div _ngcontent-wkf-c166="" class="col border-left"><!----><address _ngcontent-wkf-c166=""><br _ngcontent-wkf-c166=""> <br _ngcontent-wkf-c166="">   </address></div></div><!----></div></div></div><!----><!----><!----><!----></div><div _ngcontent-wkf-c166="" class="total"><div _ngcontent-wkf-c166="" class="d-flex align-items-center justify-content-between pb-2"><span _ngcontent-wkf-c166="">Total TTC</span><strong _ngcontent-wkf-c166="">0,00&nbsp;€</strong></div><form _ngcontent-wkf-c166="" novalidate="" class="ng-untouched ng-pristine ng-valid"><div _ngcontent-wkf-c166="" id="generalSaleCondition" class="form-group"><eg-checkbox _ngcontent-wkf-c166="" _nghost-wkf-c165=""><div _ngcontent-wkf-c165="" class="checkbox"><label _ngcontent-wkf-c165="" for=""><input _ngcontent-wkf-c165="" type="checkbox" value=""><span _ngcontent-wkf-c165="" class="cr cr-svg"><span _ngcontent-wkf-c165="" class="cr-icon"><svg-icon _ngcontent-wkf-c165="" src="assets/svg/check.svg"><svg xmlns="http://www.w3.org/2000/svg" viewBox="0 0 11 8" _ngcontent-wkf-c165="" aria-hidden="true" style="height: 8px; width: 11px;">
        <title _ngcontent-wkf-c165="">check</title>
        <path d="M.13,4.4A.42.42,0,0,1,0,4.12a.42.42,0,0,1,.13-.28l.59-.56a.43.43,0,0,1,.59,0l0,0L3.68,5.68a.21.21,0,0,0,.3,0L9.65.12h0a.43.43,0,0,1,.59,0l.59.56a.37.37,0,0,1,0,.56h0L4.1,7.88a.43.43,0,0,1-.59,0L.21,4.52Z" fill="#c30d25" _ngcontent-wkf-c165="">
        </path>
</svg></svg-icon></span></span><span _ngcontent-wkf-c166=""> J'accepte les  <a _ngcontent-wkf-c166="">conditions générales de vente</a></span></label></div></eg-checkbox></div><div _ngcontent-wkf-c166="" class="mt-0 disabled-links"><a _ngcontent-wkf-c166="" id="validateCartBtn" class="btn btn-default btn-block btn-white cart-btn"><div _ngcontent-wkf-c166="" class="content"><span _ngcontent-wkf-c166="" class="label">Valider mon panier</span></div></a></div></form></div></eg-cart-detail-encart></footer></div></div></eg-right-sidenav-mobile><!----><eg-modal-delete-item _ngcontent-wkf-c169="" _nghost-wkf-c154=""></eg-modal-delete-item><eg-modal-product-replacement _ngcontent-wkf-c169="" _nghost-wkf-c160=""></eg-modal-product-replacement><eg-modal-empty-cart _ngcontent-wkf-c169="" _nghost-wkf-c161=""></eg-modal-empty-cart><eg-modal-confirm-payment _ngcontent-wkf-c169="" _nghost-wkf-c163=""><eg-modal-error-top-horaire _ngcontent-wkf-c163="" _nghost-wkf-c162=""></eg-modal-error-top-horaire></eg-modal-confirm-payment></eg-right-sidenav><div _ngcontent-wkf-c229="" class="base-container"><eg-menu-catalogues _ngcontent-wkf-c229="" _nghost-wkf-c228=""><div _ngcontent-wkf-c228="" egclickoutside="" class="menu--container"><div _ngcontent-wkf-c228="" class="menu__main"><div _ngcontent-wkf-c228="" class="menu--aside menu--mobile--bloc"><aside _ngcontent-wkf-c228=""><ul _ngcontent-wkf-c228=""><li _ngcontent-wkf-c228="" id="btnReturnEgourmetResp"><a _ngcontent-wkf-c228="" routerlink="/catalogues_digitaux/accueil" href="/egourmet/catalogues_digitaux/accueil"><span _ngcontent-wkf-c228="">Retour accueil catalogues</span></a></li></ul></aside><div _ngcontent-wkf-c228="" class="menu--aside--socials"><a _ngcontent-wkf-c228="" href="https://www.facebook.com/transgourmetfrance/" target="_blank"><svg _ngcontent-wkf-c228="" xmlns="http://www.w3.org/2000/svg" viewBox="0 0 9.72 18.75"><title _ngcontent-wkf-c228="">facebook</title><path _ngcontent-wkf-c228="" d="M6.32,18.75V10.21H9.2l.42-3.34H6.32V4.74a2.08,2.08,0,0,1,.31-1.18Q6.93,3.1,8,3.1H9.72v-3L8.44,0Q7.79,0,7.15,0a4.32,4.32,0,0,0-3.1,1.14,4.31,4.31,0,0,0-1.2,3.28V6.86H0v3.34H2.86v8.54Z"></path></svg></a><a _ngcontent-wkf-c228="" href="https://www.instagram.com/transgourmet.france/" target="_blank"><svg _ngcontent-wkf-c228="" xmlns="http://www.w3.org/2000/svg" viewBox="0 0 18.75 18.8"><title _ngcontent-wkf-c228="">instagram</title><path _ngcontent-wkf-c228="" d="M17,13.16a4.72,4.72,0,0,1-.09.9,6,6,0,0,1-.23.85A3.11,3.11,0,0,1,16,16a2.88,2.88,0,0,1-1.07.68,3.94,3.94,0,0,1-.85.24,8.06,8.06,0,0,1-.88.1l-1.33,0h-5L5.54,17A4.53,4.53,0,0,1,4.65,17a5.21,5.21,0,0,1-.87-.26A2.88,2.88,0,0,1,2.71,16,3.11,3.11,0,0,1,2,14.92a6,6,0,0,1-.23-.85,4.59,4.59,0,0,1-.09-.88q0-.73,0-1.32v-5q0-.57,0-1.33a4.59,4.59,0,0,1,.09-.88A7,7,0,0,1,2,3.81,3.2,3.2,0,0,1,3.78,2a7.22,7.22,0,0,1,.87-.23,4.53,4.53,0,0,1,.89-.09l1.32,0h5q.57,0,1.33,0a4.59,4.59,0,0,1,.88.09,6,6,0,0,1,.85.23,3.2,3.2,0,0,1,1.78,1.78,7.22,7.22,0,0,1,.23.87,4.54,4.54,0,0,1,.09.89q0,.73,0,1.32t0,2.49v2.48q0,.57,0,1.31Zm1.27-9.91a4.75,4.75,0,0,0-1.09-1.67A4.8,4.8,0,0,0,15.53.49,8.07,8.07,0,0,0,14.39.18,6.15,6.15,0,0,0,13.23.07Q12.5,0,11.89,0h-5Q6.25,0,5.52.07A6.15,6.15,0,0,0,4.36.18,7.22,7.22,0,0,0,3.25.49,4.8,4.8,0,0,0,.49,3.25,7.22,7.22,0,0,0,.18,4.36,7.91,7.91,0,0,0,0,5.52q0,.76,0,1.35t0,2.5q0,1.9,0,2.51t0,1.37A7.62,7.62,0,0,0,.18,14.4a8.22,8.22,0,0,0,.31,1.12,4.63,4.63,0,0,0,1.09,1.66,4.84,4.84,0,0,0,1.67,1.07,6.5,6.5,0,0,0,1.11.34,5.56,5.56,0,0,0,1.16.12l1.35.06h5q.61,0,1.37-.06a6,6,0,0,0,1.14-.11,8.07,8.07,0,0,0,1.14-.31,4.63,4.63,0,0,0,1.66-1.09,4.84,4.84,0,0,0,1.07-1.67,5.81,5.81,0,0,0,.33-1.11,6.15,6.15,0,0,0,.11-1.16q0-.76,0-1.35t0-2.5V6.9q0-.6,0-1.35a6.35,6.35,0,0,0-.11-1.17A5.76,5.76,0,0,0,18.26,3.25ZM15.5,4.37a1,1,0,0,0-.33-.78,1.15,1.15,0,0,0-1.59,0,1,1,0,0,0-.33.78,1.07,1.07,0,0,0,.33.81,1.15,1.15,0,0,0,1.59,0A1.07,1.07,0,0,0,15.5,4.37ZM9.38,12.5A3.13,3.13,0,0,1,6.25,9.38,3.13,3.13,0,0,1,9.38,6.25,3.13,3.13,0,0,1,12.5,9.38,3.13,3.13,0,0,1,9.38,12.5Zm0-7.93a4.84,4.84,0,0,0-1.88.37A4.93,4.93,0,0,0,4.93,7.5a5,5,0,0,0,0,3.76A4.93,4.93,0,0,0,7.5,13.82a5,5,0,0,0,3.76,0,4.93,4.93,0,0,0,2.56-2.56,5,5,0,0,0,0-3.76,4.93,4.93,0,0,0-2.56-2.56A4.84,4.84,0,0,0,9.38,4.57Z"></path></svg></a><a _ngcontent-wkf-c228="" href="https://twitter.com/transgourmet_fr" target="_blank"><svg _ngcontent-wkf-c228="" xmlns="http://www.w3.org/2000/svg" viewBox="0 0 20.48 16.65"><title _ngcontent-wkf-c228="">twitter</title><path _ngcontent-wkf-c228="" d="M18.38,4.15v.56a12.11,12.11,0,0,1-.78,4.2,12.11,12.11,0,0,1-2.29,3.85,11.66,11.66,0,0,1-3.74,2.8,11.42,11.42,0,0,1-5.13,1.1A11.62,11.62,0,0,1,3,16.15a12,12,0,0,1-3-1.4,2.87,2.87,0,0,0,.51,0H1a8.43,8.43,0,0,0,2.8-.46A8.13,8.13,0,0,0,6.23,13a4,4,0,0,1-2.44-.84,4.22,4.22,0,0,1-1.49-2.06l.4,0,.4,0a3.13,3.13,0,0,0,.56,0L4.2,10a4.14,4.14,0,0,1-2.4-1.44,4,4,0,0,1-1-2.69v0a6,6,0,0,0,.92.37,4,4,0,0,0,1,.17A4.15,4.15,0,0,1,1.37,4.91a4.07,4.07,0,0,1-.51-2A3.94,3.94,0,0,1,1,1.78a4.58,4.58,0,0,1,.43-1A12.46,12.46,0,0,0,3.17,2.51,11.41,11.41,0,0,0,5.22,3.86a12.27,12.27,0,0,0,2.34.9,11.76,11.76,0,0,0,2.51.42q0-.24-.07-.49t0-.49a4.06,4.06,0,0,1,1.22-3A4.18,4.18,0,0,1,15.88.37a4.22,4.22,0,0,1,1.35,1,8.72,8.72,0,0,0,1.4-.4A7.23,7.23,0,0,0,19.9.32a3.93,3.93,0,0,1-.7,1.33,4.13,4.13,0,0,1-1.14,1,8,8,0,0,0,1.25-.24A9.07,9.07,0,0,0,20.48,2a9.71,9.71,0,0,1-1,1.18A8.17,8.17,0,0,1,18.38,4.15Z"></path></svg></a><a _ngcontent-wkf-c228="" href="https://www.linkedin.com/company/transgourmet/" target="_blank"><svg-icon _ngcontent-wkf-c228="" src="assets/svg/linkedin.svg"><svg xmlns="http://www.w3.org/2000/svg" viewBox="0 0 24 24" _ngcontent-wkf-c228="" aria-hidden="true" style="height: 19px; width: 24px;">
<title _ngcontent-wkf-c228="">linkedin</title>
<path d="M0,24H5.33V8.15H0ZM22.43,9.54A5.47,5.47,0,0,0,18.18,7.7a7.09,7.09,0,0,0-1.8.24A3.54,3.54,0,0,0,15,8.62a8.6,8.6,0,0,0-.88.87,5.74,5.74,0,0,0-.6.82V8.09H8.49V13.6q0,6.14,0,10.4h5.12V15.1a3.52,3.52,0,0,1,.18-1.31,2.7,2.7,0,0,1,1-1.35,2.44,2.44,0,0,1,1.62-.58,2.22,2.22,0,0,1,2,1,4.88,4.88,0,0,1,.6,2.66V24H24V14.86Q24,11.23,22.43,9.54ZM2.62,5.43a2.89,2.89,0,0,0,2-.78,2.65,2.65,0,0,0,.71-1.94A2.87,2.87,0,0,0,4.62.78,2.77,2.77,0,0,0,2.71,0a2.89,2.89,0,0,0-2,.78A2.65,2.65,0,0,0,0,2.72,2.65,2.65,0,0,0,.71,4.66,2.77,2.77,0,0,0,2.62,5.43Z" _ngcontent-wkf-c228=""></path>
</svg></svg-icon></a><a _ngcontent-wkf-c228="" href="https://www.youtube.com/channel/UCPJv5dcGTzzC06YEoV3g7lw" target="_blank"><svg-icon _ngcontent-wkf-c228="" src="assets/svg/youtube.svg"><svg xmlns="http://www.w3.org/2000/svg" viewBox="0 0 33 22" _ngcontent-wkf-c228="" aria-hidden="true" style="height: 19px; width: 33px;">
<title _ngcontent-wkf-c228="">youtube</title>
<path d="M13,15.4,21.85,11,13,6.6ZM16.5,0q3.09,0,6,.08T26.7.24L28,.31l.31,0,.42.05.43.08a2.67,2.67,0,0,1,.52.14l.52.23a3.57,3.57,0,0,1,.57.34,4.29,4.29,0,0,1,.53.46,3.39,3.39,0,0,1,.29.32,5.75,5.75,0,0,1,.53,1,6.38,6.38,0,0,1,.49,1.76q.15,1.12.23,2.38t.1,2v3.07a35.08,35.08,0,0,1-.33,5.06A6.68,6.68,0,0,1,32.21,19a4.37,4.37,0,0,1-.59,1.07l-.26.3a4.29,4.29,0,0,1-.53.46,3.14,3.14,0,0,1-.57.33l-.52.22a2.67,2.67,0,0,1-.52.14l-.44.08-.42.05-.3,0Q23.42,22,16.5,22q-3.81,0-6.62-.11t-3.69-.13l-.9-.07-.66-.07a9.17,9.17,0,0,1-1-.17,5.84,5.84,0,0,1-.94-.37,3.68,3.68,0,0,1-1-.72A3.39,3.39,0,0,1,1.35,20a5.75,5.75,0,0,1-.53-1,6.38,6.38,0,0,1-.49-1.76Q.19,16.13.1,14.87t-.1-2V9.81A35.08,35.08,0,0,1,.33,4.75,6.68,6.68,0,0,1,.79,3a4.37,4.37,0,0,1,.59-1.07l.26-.3a4.29,4.29,0,0,1,.53-.46A3.57,3.57,0,0,1,2.74.84L3.26.61A2.67,2.67,0,0,1,3.79.47L4.22.39,4.64.34,5,.31Q9.58,0,16.5,0Z" _ngcontent-wkf-c228=""></path>
</svg></svg-icon></a></div></div><div _ngcontent-wkf-c228="" class="menu--main menu--main__list menu--mobile--bloc customscrollbar"><div _ngcontent-wkf-c228=""><button _ngcontent-wkf-c228="" type="button" routerlink="/catalogues_digitaux/accueil" class="btn btn__back" tabindex="0"><svg _ngcontent-wkf-c228="" xmlns="http://www.w3.org/2000/svg" viewBox="0 0 6.43 11.3" width="6" height="11"><path _ngcontent-wkf-c228="" d="M6.14,10,1.83,5.65,6.14,1.29a.62.62,0,0,0,0-1,.67.67,0,0,0-1.05,0L.23,5.13a.68.68,0,0,0,0,1L5.11,11a.67.67,0,0,0,1.05,0A.62.62,0,0,0,6.14,10Z" fill-rule="evenodd"></path></svg><span _ngcontent-wkf-c228="">Retour accueil catalogues</span></button></div><a _ngcontent-wkf-c228="" target="_blank" href="/egourmet/catalogues_digitaux/catalogues/13981/-" class="ng-star-inserted is-current-catalog"> PROMO Juin 2022 </a><!----><!----><!----><a _ngcontent-wkf-c228="" target="_blank" href="/egourmet/catalogues_digitaux/catalogues/14223/-" class="ng-star-inserted"> C'est Clean ! Juin 2022 </a><!----><!----><!----><a _ngcontent-wkf-c228="" target="_blank" href="/egourmet/catalogues_digitaux/catalogues/14121/-" class="ng-star-inserted"> USAGE UNIQUE - REVUE DE GAMME  Mai/Décembre 2022 </a><!----><!----><!----><a _ngcontent-wkf-c228="" target="_blank" href="/egourmet/catalogues_digitaux/catalogues/14243/-" class="ng-star-inserted"> LE COURS DU FRAIS du 30/05 au 25/06/2022 </a><!----><!----><!----><!----><a _ngcontent-wkf-c228="" target="_blank" href="https://www.yumpu.com/fr/document/read/66317088/revue-t-17" class="ng-star-inserted">Revue T N°17</a><!----><!----><a _ngcontent-wkf-c228="" target="_blank" href="/egourmet/catalogues_digitaux/catalogues/13022/-" class="ng-star-inserted"> HOT DOG - REVUE DE GAMME Janvier/Décembre 2022 </a><!----><!----><!----><a _ngcontent-wkf-c228="" target="_blank" href="/egourmet/catalogues_digitaux/catalogues/13026/-" class="ng-star-inserted"> TRANSGOURMET NATURA Janvier/Décembre 2022 </a><!----><!----><!----><a _ngcontent-wkf-c228="" target="_blank" href="/egourmet/catalogues_digitaux/catalogues/13020/-" class="ng-star-inserted"> BURGERS - REVUE DE GAMME Janvier/Décembre 2022 </a><!----><!----><!----><a _ngcontent-wkf-c228="" target="_blank" href="/egourmet/catalogues_digitaux/catalogues/13024/-" class="ng-star-inserted"> WRAPS - REVUE DE GAMME Janvier/Décembre 2022 </a><!----><!----><!----><a _ngcontent-wkf-c228="" target="_blank" href="/egourmet/catalogues_digitaux/catalogues/13028/-" class="ng-star-inserted"> BOWLS - REVUE DE GAMME  Janvier/Décembre 2022 </a><!----><!----><!----><a _ngcontent-wkf-c228="" target="_blank" href="/egourmet/catalogues_digitaux/catalogues/13101/-" class="ng-star-inserted"> Plant-based Janvier/Décembre 2022 </a><!----><!----><!----><a _ngcontent-wkf-c228="" target="_blank" href="/egourmet/catalogues_digitaux/catalogues/13025/-" class="ng-star-inserted"> TRANSGOURMET ORIGINE Janvier/Décembre 2022 </a><!----><!----><!----><a _ngcontent-wkf-c228="" target="_blank" href="/egourmet/catalogues_digitaux/catalogues/13027/-" class="ng-star-inserted"> PRODUITS PREMIUM Janvier/Décembre 2022 </a><!----><!----><!----><a _ngcontent-wkf-c228="" target="_blank" href="/egourmet/catalogues_digitaux/catalogues/13740/-" class="ng-star-inserted"> Carrément points Mai/Juin 2022 </a><!----><!----><!----><a _ngcontent-wkf-c228="" target="_blank" href="/egourmet/catalogues_digitaux/catalogues/14270/-" class="ng-star-inserted"> ASSORTIMENT SUD-OUEST du 01/06 au 01/08/2022 </a><!----><!----><!----><a _ngcontent-wkf-c228="" target="_blank" href="/egourmet/catalogues_digitaux/catalogues/14261/-" class="ng-star-inserted"> ASSORTIMENT PAYS BASQUE du 01/06 au 01/08/2022 </a><!----><!----><!----><a _ngcontent-wkf-c228="" target="_blank" href="/egourmet/catalogues_digitaux/catalogues/14274/-" class="ng-star-inserted"> ASSORTIMENT POITOU-CHARENTES du 01/06 au 01/08/2022 </a><!----><!----><!----><!----><div _ngcontent-wkf-c228=""><button _ngcontent-wkf-c228="" type="button" routerlink="/page/home" class="btn btn__back" tabindex="0"><svg _ngcontent-wkf-c228="" xmlns="http://www.w3.org/2000/svg" viewBox="0 0 6.43 11.3" width="6" height="11"><path _ngcontent-wkf-c228="" d="M6.14,10,1.83,5.65,6.14,1.29a.62.62,0,0,0,0-1,.67.67,0,0,0-1.05,0L.23,5.13a.68.68,0,0,0,0,1L5.11,11a.67.67,0,0,0,1.05,0A.62.62,0,0,0,6.14,10Z" fill-rule="evenodd"></path></svg><span _ngcontent-wkf-c228="">Retour e-Gourmet</span></button></div></div></div></div></eg-menu-catalogues><div _ngcontent-wkf-c229="" class="navbar__desktop d-none d-lg-block"><eg-top _ngcontent-wkf-c229="" _nghost-wkf-c172=""><header _ngcontent-wkf-c172="" class="topBar bg-primary"><div _ngcontent-wkf-c172="" class="topBar-element topBar-left"><button _ngcontent-wkf-c172="" routerlink="/page/home" type="button" class="btn btn__back btn__back__white ng-star-inserted" tabindex="0"><svg _ngcontent-wkf-c172="" xmlns="http://www.w3.org/2000/svg" viewBox="0 0 14.17 6.3" width="10" height="8"><path _ngcontent-wkf-c172="" d="M.12,3.46l2.43,2.7a.4.4,0,0,0,.3.14h0a.42.42,0,0,0,.31-.14.48.48,0,0,0,0-.63L1.42,3.6H13.75a.45.45,0,0,0,0-.91H1.42L3.17.77a.49.49,0,0,0,0-.63A.42.42,0,0,0,2.86,0h0a.4.4,0,0,0-.3.14L.12,2.83A.47.47,0,0,0,.12,3.46Z"></path></svg><span _ngcontent-wkf-c172="">Retour E-Gourmet</span></button><!----><!----><!----></div><div _ngcontent-wkf-c172="" class="topBar-element topBar-center topbar-message"> Passez commande le <strong _ngcontent-wkf-c172="">11/06/2022 avant 11:15</strong> pour être livré le <strong _ngcontent-wkf-c172="">13/06/2022</strong></div><!----></header></eg-top><eg-middle _ngcontent-wkf-c229="" _nghost-wkf-c182=""><nav _ngcontent-wkf-c182="" class="navbar navbar-expand-lg"><div _ngcontent-wkf-c182="" class="navbar--menu ng-star-inserted"><a _ngcontent-wkf-c182="" class="navbar--toggler"><div _ngcontent-wkf-c182="" class="wrapper"><span _ngcontent-wkf-c182=""></span><span _ngcontent-wkf-c182=""></span><span _ngcontent-wkf-c182=""></span></div></a></div><div _ngcontent-wkf-c182="" class="navbar--logo ng-star-inserted"><a _ngcontent-wkf-c182="" routerlink="/catalogues_digitaux/accueil" href="/egourmet/catalogues_digitaux/accueil"><img _ngcontent-wkf-c182="" src="./assets/images/icon.png" alt="transgourmet" class="navbar--logo__oldmobile"><img _ngcontent-wkf-c182="" src="./assets/images/logo.3c98239c.png" alt="transgourmet" class="navbar--logo__mobile"><img _ngcontent-wkf-c182="" src="./assets/images/logo.3c98239c.png" alt="transgourmet" class="navbar--logo__desktop"></a></div><eg-recent-catalog-layer _ngcontent-wkf-c182="" _nghost-wkf-c177="" class="ng-star-inserted"><div _ngcontent-wkf-c177="" class="navbar--catalogues ng-star-inserted"><span _ngcontent-wkf-c177="" class="navbar--catalogues-title">Catalogue</span><div _ngcontent-wkf-c177="" class="drodown dropdown__catalogues"><div _ngcontent-wkf-c177="" id="dropdownRecentCatalog" class="dropdown--button"><strong _ngcontent-wkf-c177=""> PROMO <!----><!----><!----></strong></div><div _ngcontent-wkf-c177="" id="dropdownRecentCatalogContainer" ngbdropdown="" display="dynamic" placement="bottom-right" class="ng-star-inserted dropdown"><div _ngcontent-wkf-c177="" aria-haspopup="true" ngbdropdowntoggle="" id="dropdownRecentCatalogArrow" class="dropdown-toggle dropdown--button dropdown-arrow" aria-expanded="false"></div><div _ngcontent-wkf-c177="" id="headerRecentCatalog" ngbdropdownmenu="" aria-labelledby="dropdownRecentCatalog" class="dropdown-menu dropdown-menu__contact dropdown-menu-right align-items-center" x-placement="bottom-right" style="width: 0px;"><div _ngcontent-wkf-c177="" aria-labelledby="dropdownRecentCatalog" class="menu__catalogue customscrollbar fixed"><ul _ngcontent-wkf-c177=""><li _ngcontent-wkf-c177="" class="ng-star-inserted"><a _ngcontent-wkf-c177="" target="_blank" href="/egourmet/catalogues_digitaux/catalogues/13981"><div _ngcontent-wkf-c177="" class="title is-current-catalog">PROMO Juin 2022</div></a></li><li _ngcontent-wkf-c177="" class="ng-star-inserted"><a _ngcontent-wkf-c177="" target="_blank" href="/egourmet/catalogues_digitaux/catalogues/14223"><div _ngcontent-wkf-c177="" class="title">C'est Clean ! Juin 2022</div></a></li><li _ngcontent-wkf-c177="" class="ng-star-inserted"><a _ngcontent-wkf-c177="" target="_blank" href="/egourmet/catalogues_digitaux/catalogues/14121"><div _ngcontent-wkf-c177="" class="title">USAGE UNIQUE - REVUE DE GAMME  Mai/Décembre 2022</div></a></li><li _ngcontent-wkf-c177="" class="ng-star-inserted"><a _ngcontent-wkf-c177="" target="_blank" href="/egourmet/catalogues_digitaux/catalogues/14243"><div _ngcontent-wkf-c177="" class="title">LE COURS DU FRAIS du 30/05 au 25/06/2022</div></a></li><li _ngcontent-wkf-c177="" class="ng-star-inserted"><a _ngcontent-wkf-c177="" target="_blank" href="/egourmet/catalogues_digitaux/catalogues/13022"><div _ngcontent-wkf-c177="" class="title">HOT DOG - REVUE DE GAMME Janvier/Décembre 2022</div></a></li><li _ngcontent-wkf-c177="" class="ng-star-inserted"><a _ngcontent-wkf-c177="" target="_blank" href="/egourmet/catalogues_digitaux/catalogues/13026"><div _ngcontent-wkf-c177="" class="title">TRANSGOURMET NATURA Janvier/Décembre 2022</div></a></li><li _ngcontent-wkf-c177="" class="ng-star-inserted"><a _ngcontent-wkf-c177="" target="_blank" href="/egourmet/catalogues_digitaux/catalogues/13020"><div _ngcontent-wkf-c177="" class="title">BURGERS - REVUE DE GAMME Janvier/Décembre 2022</div></a></li><!----></ul><div _ngcontent-wkf-c177="" class="dropdown-menu__arrow"><svg-icon _ngcontent-wkf-c177="" src="assets/svg/arrow-layer.svg"><svg xmlns="http://www.w3.org/2000/svg" viewBox="0 0 8 4" _ngcontent-wkf-c177="" aria-hidden="true" style="height: 24px; width: 24px;">
                                    <title _ngcontent-wkf-c177="">caret-red</title>
                                    <polygon points="4 0 0 4 8 4 4 0" fill="none" _ngcontent-wkf-c177=""></polygon>
                                </svg></svg-icon></div></div></div></div><!----></div></div><!----></eg-recent-catalog-layer><!----><!----><!----><div _ngcontent-wkf-c182="" id="navbarSupportedContent" class="collapse navbar-collapse"><eg-search _ngcontent-wkf-c182="" class="navbar-search ng-star-inserted" _nghost-wkf-c179=""><form _ngcontent-wkf-c179="" novalidate="" class="ng-untouched ng-pristine ng-valid"><div _ngcontent-wkf-c179="" id="searchBarContainer" class="input-group"><input _ngcontent-wkf-c179="" type="text" id="dropdownSearch" formcontrolname="dropdownSearch" aria-haspopup="true" aria-expanded="false" aria-describedby="button-submit" autocomplete="off" class="form-control ng-untouched ng-pristine ng-valid" placeholder="Rechercher dans ce catalogue"><!----><!----><div _ngcontent-wkf-c179="" id="searchBtnHeaderContainer" class="input-group-append"><button _ngcontent-wkf-c179="" id="button-submit" type="button" class="btn btn-red"><svg-icon _ngcontent-wkf-c179="" src="assets/svg/loupe.svg"><svg viewBox="0 0 20 20" xmlns="http://www.w3.org/2000/svg" _ngcontent-wkf-c179="" aria-hidden="true" style="height: 20px; width: 20px;"><title _ngcontent-wkf-c179="">loupe</title>
    <path d="M19.69,18.18l-4.3-4.3a8.61,8.61,0,1,0-1.51,1.51l4.3,4.3a1.08,1.08,0,0,0,.75.31,1.07,1.07,0,0,0,.75-1.82ZM8.5,2A6.5,6.5,0,1,1,2,8.5,6.51,6.51,0,0,1,8.5,2Z" fill="#fff" _ngcontent-wkf-c179=""></path>
</svg></svg-icon></button></div></div></form></eg-search><!----><!----><div _ngcontent-wkf-c182="" class="navbar-buttons"><!----><div _ngcontent-wkf-c182="" data-target=".dropdown-menu__calendar" class="navbar-delivery js-dropdown calendarHeader"><div _ngcontent-wkf-c182="" id="btnCalendar" class="d-flex justify-content-center align-items-center dropdown__delivery"><div _ngcontent-wkf-c182="" aria-hidden="true" class="icon"><svg-icon _ngcontent-wkf-c182="" src="assets/svg/calendrier.svg"><svg enable-background="new 0 0 45 28" viewBox="0 0 45 28" x="0px" xml:space="preserve" y="0px" _ngcontent-wkf-c182="" aria-hidden="true" style="height: 28px; width: 45px;">
    <path d="M44.1,12.354l-7.178-7.436C36.258,4.289,35.4,3.922,34.5,3.885H30V0.777C30,0.348,29.664,0,29.25,0H0.75C0.336,0,0,0.348,0,0.777v20.979c0,0.43,0.336,0.777,0.75,0.777h5.317c-0.31,1.832,0.461,3.68,1.961,4.701c1.5,1.021,3.443,1.021,4.943,0c1.5-1.021,2.271-2.869,1.961-4.701h16.635c-0.31,1.832,0.461,3.68,1.961,4.701c1.501,1.021,3.442,1.021,4.943,0c1.5-1.021,2.271-2.869,1.961-4.701H42c1.656,0,3-1.391,3-3.107v-4.811C45,13.769,44.677,12.956,44.1,12.354z M34.5,5.439c0.502,0.039,0.979,0.242,1.359,0.581l6.189,6.413H33V5.439H34.5z M28.5,1.554v13.987h-27V1.554H28.5z M10.5,26.418c-1.657,0-3-1.391-3-3.107s1.343-3.107,3-3.107s3,1.391,3,3.107S12.157,26.418,10.5,26.418z M10.5,18.648c-1.605,0.002-3.088,0.891-3.891,2.331H1.5v-3.886h27v3.886H14.391C13.588,19.539,12.105,18.65,10.5,18.648z M36,26.418c-1.656,0-3-1.391-3-3.107s1.344-3.107,3-3.107s3,1.391,3,3.107S37.656,26.418,36,26.418z M43.5,19.426c0,0.857-0.672,1.554-1.5,1.554h-2.109c-0.801-1.442-2.285-2.331-3.891-2.331s-3.09,0.889-3.891,2.331H30V5.439h1.5v7.771c0,0.429,0.336,0.777,0.75,0.777h11.125c0.082,0.199,0.125,0.413,0.125,0.629V19.426z" fill="#ffffff" id="Shape" _ngcontent-wkf-c182=""></path>
</svg></svg-icon></div><div _ngcontent-wkf-c182="" class="txt dropdown__delivery--content"><div _ngcontent-wkf-c182=""><div _ngcontent-wkf-c182="">ma livraison :</div><div _ngcontent-wkf-c182="" class="d-flex align-items-center"><strong _ngcontent-wkf-c182="">le 13/06/22</strong></div></div><button _ngcontent-wkf-c182="" type="button" class="btn btn-link d-xxl-block"><span _ngcontent-wkf-c182="" class="arrow"><svg-icon _ngcontent-wkf-c182="" src="assets/svg/arrow.svg"><svg viewBox="0 0 4 4" xmlns="http://www.w3.org/2000/svg" _ngcontent-wkf-c182="" aria-hidden="true" style="height: 4px; width: 4px;">
    <title _ngcontent-wkf-c182="">caret</title>
    <polygon fill="#747474" points="4 2 0 4 0 0 4 2" _ngcontent-wkf-c182=""></polygon>
</svg></svg-icon></span><span _ngcontent-wkf-c182="">Modifier ma date de livraison</span></button></div></div><!----></div><eg-inject _ngcontent-wkf-c182="" class="lunch_cart" _nghost-wkf-c175=""><mat-sidenav-container _ngcontent-wkf-c175="" id="select-bar" appclasschanger="" class="mat-drawer-container mat-sidenav-container sidenav-container"><div class="mat-drawer-backdrop ng-star-inserted"></div><!----><div class="cdk-visually-hidden cdk-focus-trap-anchor" aria-hidden="true"></div><mat-sidenav _ngcontent-wkf-c175="" tabindex="-1" mode="side" opened="true" class="mat-drawer mat-sidenav sidenav ng-tns-c77-0 ng-trigger ng-trigger-transform mat-drawer-side mat-drawer-opened mat-sidenav-fixed ng-star-inserted" style="top: 0px; bottom: 0px; transform: none; visibility: visible;"><div cdkscrollable="" class="mat-drawer-inner-container ng-tns-c77-0"></div></mat-sidenav><div class="cdk-visually-hidden cdk-focus-trap-anchor" aria-hidden="true"></div><mat-sidenav-content _ngcontent-wkf-c175="" class="mat-drawer-content mat-sidenav-content"><eg-mini-cart _ngcontent-wkf-c175="" _nghost-wkf-c174=""><div _ngcontent-wkf-c174="" id="dropdownCartDesktop" data-bodyclass="js-cart-open" role="button" class="navbar-cart js-bodyToggler rightSidenav_toggle"><div _ngcontent-wkf-c174="" class="position-relative"><div _ngcontent-wkf-c174="" class="icon"><span _ngcontent-wkf-c174="" aria-hidden="true"><svg-icon _ngcontent-wkf-c174="" src="assets/svg/panier.svg"><svg viewBox="0 0 36.64 32" xmlns="http://www.w3.org/2000/svg" _ngcontent-wkf-c174="" aria-hidden="true" style="height: 32px; width: 36.64px;">
    <title _ngcontent-wkf-c174="">panier</title>
    <path d="M36.48,4.3a.83.83,0,0,0-.63-.3H6.7L6,.53C6,.27,5.58,0,5.3,0H.75A.69.69,0,0,0,0,.71C0,1.14.75,2,.75,2h4L8.27,19.08a5.12,5.12,0,0,0,5,3.92H30.6s.75-.43.75-.86S30.6,22,30.6,22H13a3.68,3.68,0,0,1-3.15-1.65l23-3a.66.66,0,0,0,.63-.6l3.15-12A.72.72,0,0,0,36.48,4.3ZM31.65,16.14,9.75,18.86,7,6H34.2Z" _ngcontent-wkf-c174=""></path>
    <path d="M12.77,25.14a3.43,3.43,0,1,0,3.48,3.43A3.42,3.42,0,0,0,12.77,25.14Zm0,5.49a2.06,2.06,0,1,1,2.09-2.06A2.13,2.13,0,0,1,12.77,30.63Z" _ngcontent-wkf-c174=""></path>
    <path d="M26.71,25.14a3.43,3.43,0,1,0,3.48,3.43A3.42,3.42,0,0,0,26.71,25.14Zm0,5.49a2.06,2.06,0,1,1,2.09-2.06A2.13,2.13,0,0,1,26.71,30.63Z" _ngcontent-wkf-c174=""></path>
</svg></svg-icon></span><span _ngcontent-wkf-c174="" class="badge badge-primary">0</span><span _ngcontent-wkf-c174="" class="sr-only">produits</span></div></div><div _ngcontent-wkf-c174="" class="txt"><div _ngcontent-wkf-c174="" class="price">0,00&nbsp;€</div><div _ngcontent-wkf-c174="" class="subtxt"><!----><div _ngcontent-wkf-c174="" placement="left" container="body"><!----><!----></div><!----></div></div></div></eg-mini-cart></mat-sidenav-content><!----></mat-sidenav-container></eg-inject></div></div></nav></eg-middle></div><div _ngcontent-wkf-c229="" class="navbar__mobile d-lg-none"><eg-mobile-header _ngcontent-wkf-c229="" _nghost-wkf-c188=""><div _ngcontent-wkf-c188="" class="navbar__mobile d-lg-none"><nav _ngcontent-wkf-c188="" class="navbar"><header _ngcontent-wkf-c188="" class="navbar__header"><div _ngcontent-wkf-c188="" class="row no-gutters navbar__top"><div _ngcontent-wkf-c188="" class="navbar--menu ng-star-inserted"><a _ngcontent-wkf-c188="" class="navbar--toggler"><div _ngcontent-wkf-c188="" class="wrapper"><span _ngcontent-wkf-c188=""></span><span _ngcontent-wkf-c188=""></span><span _ngcontent-wkf-c188=""></span></div></a></div><div _ngcontent-wkf-c188="" class="navbar--logo ng-star-inserted"><a _ngcontent-wkf-c188="" href="/egourmet/page/home"><img _ngcontent-wkf-c188="" src="./assets/images/icon.png" alt="transgourmet" class="navbar--logo__oldmobile"><img _ngcontent-wkf-c188="" src="./assets/images/logo.3c98239c.png" alt="transgourmet" class="navbar--logo__mobile"><img _ngcontent-wkf-c188="" src="./assets/images/logo-horizontal.018fa69f.png" alt="transgourmet" class="navbar--logo__desktop"></a></div><eg-recent-catalog-layer _ngcontent-wkf-c188="" _nghost-wkf-c177="" class="ng-star-inserted"><div _ngcontent-wkf-c177="" class="navbar--catalogues ng-star-inserted"><span _ngcontent-wkf-c177="" class="navbar--catalogues-title">Catalogue</span><div _ngcontent-wkf-c177="" class="drodown dropdown__catalogues"><div _ngcontent-wkf-c177="" id="dropdownRecentCatalog" class="dropdown--button"><strong _ngcontent-wkf-c177=""> PROMO <!----><!----><!----></strong></div><div _ngcontent-wkf-c177="" id="dropdownRecentCatalogContainer" ngbdropdown="" display="dynamic" placement="bottom-right" class="ng-star-inserted dropdown"><div _ngcontent-wkf-c177="" aria-haspopup="true" ngbdropdowntoggle="" id="dropdownRecentCatalogArrow" class="dropdown-toggle dropdown--button dropdown-arrow" aria-expanded="false"></div><div _ngcontent-wkf-c177="" id="headerRecentCatalog" ngbdropdownmenu="" aria-labelledby="dropdownRecentCatalog" class="dropdown-menu dropdown-menu__contact dropdown-menu-right align-items-center" x-placement="bottom-right" style="width: 80px;"><div _ngcontent-wkf-c177="" aria-labelledby="dropdownRecentCatalog" class="menu__catalogue customscrollbar fixed"><ul _ngcontent-wkf-c177=""><li _ngcontent-wkf-c177="" class="ng-star-inserted"><a _ngcontent-wkf-c177="" target="_blank" href="/egourmet/catalogues_digitaux/catalogues/13981"><div _ngcontent-wkf-c177="" class="title is-current-catalog">PROMO Juin 2022</div></a></li><li _ngcontent-wkf-c177="" class="ng-star-inserted"><a _ngcontent-wkf-c177="" target="_blank" href="/egourmet/catalogues_digitaux/catalogues/14223"><div _ngcontent-wkf-c177="" class="title">C'est Clean ! Juin 2022</div></a></li><li _ngcontent-wkf-c177="" class="ng-star-inserted"><a _ngcontent-wkf-c177="" target="_blank" href="/egourmet/catalogues_digitaux/catalogues/14121"><div _ngcontent-wkf-c177="" class="title">USAGE UNIQUE - REVUE DE GAMME  Mai/Décembre 2022</div></a></li><li _ngcontent-wkf-c177="" class="ng-star-inserted"><a _ngcontent-wkf-c177="" target="_blank" href="/egourmet/catalogues_digitaux/catalogues/14243"><div _ngcontent-wkf-c177="" class="title">LE COURS DU FRAIS du 30/05 au 25/06/2022</div></a></li><li _ngcontent-wkf-c177="" class="ng-star-inserted"><a _ngcontent-wkf-c177="" target="_blank" href="/egourmet/catalogues_digitaux/catalogues/13022"><div _ngcontent-wkf-c177="" class="title">HOT DOG - REVUE DE GAMME Janvier/Décembre 2022</div></a></li><li _ngcontent-wkf-c177="" class="ng-star-inserted"><a _ngcontent-wkf-c177="" target="_blank" href="/egourmet/catalogues_digitaux/catalogues/13026"><div _ngcontent-wkf-c177="" class="title">TRANSGOURMET NATURA Janvier/Décembre 2022</div></a></li><li _ngcontent-wkf-c177="" class="ng-star-inserted"><a _ngcontent-wkf-c177="" target="_blank" href="/egourmet/catalogues_digitaux/catalogues/13020"><div _ngcontent-wkf-c177="" class="title">BURGERS - REVUE DE GAMME Janvier/Décembre 2022</div></a></li><!----></ul><div _ngcontent-wkf-c177="" class="dropdown-menu__arrow"><svg-icon _ngcontent-wkf-c177="" src="assets/svg/arrow-layer.svg"><svg xmlns="http://www.w3.org/2000/svg" viewBox="0 0 8 4" _ngcontent-wkf-c177="" aria-hidden="true" style="height: 24px; width: 24px;">
                                    <title _ngcontent-wkf-c177="">caret-red</title>
                                    <polygon points="4 0 0 4 8 4 4 0" fill="none" _ngcontent-wkf-c177=""></polygon>
                                </svg></svg-icon></div></div></div></div><!----></div></div><!----></eg-recent-catalog-layer><!----><!----><!----><div _ngcontent-wkf-c188="" class="navbar__icons navbar-delivery__wrapper navbar-delivery"><a _ngcontent-wkf-c188="" role="button" data-target=".dropdown-menu__calendar" class="navbar-calendar js-dropdown"><div _ngcontent-wkf-c188="" class="navbar-delivery"><!----><div _ngcontent-wkf-c188="" class="d-flex justify-content-center align-items-center"><div _ngcontent-wkf-c188="" aria-hidden="true" class="icon"><svg-icon _ngcontent-wkf-c188="" src="assets/svg/mobile-calendrier.svg" class="ng-star-inserted"><svg x="0px" y="0px" viewBox="0 0 45 28" enable-background="new 0 0 45 28" xml:space="preserve" _ngcontent-wkf-c188="" aria-hidden="true" style="height: 14px; width: 23px;">
    <path id="Shape" fill="#ffffff" d="M44.1,12.354l-7.178-7.436C36.258,4.289,35.4,3.922,34.5,3.885H30V0.777
	C30,0.348,29.664,0,29.25,0H0.75C0.336,0,0,0.348,0,0.777v20.979c0,0.43,0.336,0.777,0.75,0.777h5.317
	c-0.31,1.832,0.461,3.68,1.961,4.701c1.5,1.021,3.443,1.021,4.943,0c1.5-1.021,2.271-2.869,1.961-4.701h16.635
	c-0.31,1.832,0.461,3.68,1.961,4.701c1.501,1.021,3.442,1.021,4.943,0c1.5-1.021,2.271-2.869,1.961-4.701H42
	c1.656,0,3-1.391,3-3.107v-4.811C45,13.769,44.677,12.956,44.1,12.354z M34.5,5.439c0.502,0.039,0.979,0.242,1.359,0.581
	l6.189,6.413H33V5.439H34.5z M28.5,1.554v13.987h-27V1.554H28.5z M10.5,26.418c-1.657,0-3-1.391-3-3.107s1.343-3.107,3-3.107
	s3,1.391,3,3.107S12.157,26.418,10.5,26.418z M10.5,18.648c-1.605,0.002-3.088,0.891-3.891,2.331H1.5v-3.886h27v3.886H14.391
	C13.588,19.539,12.105,18.65,10.5,18.648z M36,26.418c-1.656,0-3-1.391-3-3.107s1.344-3.107,3-3.107s3,1.391,3,3.107
	S37.656,26.418,36,26.418z M43.5,19.426c0,0.857-0.672,1.554-1.5,1.554h-2.109c-0.801-1.442-2.285-2.331-3.891-2.331
	s-3.09,0.889-3.891,2.331H30V5.439h1.5v7.771c0,0.429,0.336,0.777,0.75,0.777h11.125c0.082,0.199,0.125,0.413,0.125,0.629V19.426z" _ngcontent-wkf-c188=""></path>
</svg></svg-icon><!----><!----></div><!----><div _ngcontent-wkf-c188="" class="ng-star-inserted"><span _ngcontent-wkf-c188="" class="dropdown__delivery--content">ma livraison :</span><div _ngcontent-wkf-c188=""><strong _ngcontent-wkf-c188="">le 13/06</strong></div></div><!----></div></div></a></div><!----><div _ngcontent-wkf-c188="" class="navbar__icons navbar-cart__wrapper"><a _ngcontent-wkf-c188="" role="button" class="navbar-cart cart-toggler"><div _ngcontent-wkf-c188="" class="position-relative"><div _ngcontent-wkf-c188="" class="icon"><span _ngcontent-wkf-c188="" aria-hidden="true"><!----><svg-icon _ngcontent-wkf-c188="" src="assets/svg/mobile-panier.svg" class="ng-star-inserted"><svg xmlns="http://www.w3.org/2000/svg" viewBox="0 0 36.64 32" _ngcontent-wkf-c188="" aria-hidden="true" style="height: 23px; width: 36.64px;">
    <title _ngcontent-wkf-c188="">panier</title>
    <path d="M36.48,4.3a.83.83,0,0,0-.63-.3H6.7L6,.53C6,.27,5.58,0,5.3,0H.75A.69.69,0,0,0,0,.71C0,1.14.75,2,.75,2h4L8.27,19.08a5.12,5.12,0,0,0,5,3.92H30.6s.75-.43.75-.86S30.6,22,30.6,22H13a3.68,3.68,0,0,1-3.15-1.65l23-3a.66.66,0,0,0,.63-.6l3.15-12A.72.72,0,0,0,36.48,4.3ZM31.65,16.14,9.75,18.86,7,6H34.2Z" _ngcontent-wkf-c188=""></path>
    <path d="M12.77,25.14a3.43,3.43,0,1,0,3.48,3.43A3.42,3.42,0,0,0,12.77,25.14Zm0,5.49a2.06,2.06,0,1,1,2.09-2.06A2.13,2.13,0,0,1,12.77,30.63Z" _ngcontent-wkf-c188=""></path>
    <path d="M26.71,25.14a3.43,3.43,0,1,0,3.48,3.43A3.42,3.42,0,0,0,26.71,25.14Zm0,5.49a2.06,2.06,0,1,1,2.09-2.06A2.13,2.13,0,0,1,26.71,30.63Z" _ngcontent-wkf-c188=""></path>
</svg></svg-icon><!----></span><span _ngcontent-wkf-c188="" class="badge badge-primary badge-mobile">0</span><span _ngcontent-wkf-c188="" class="sr-only">produits</span></div></div></a></div></div><div _ngcontent-wkf-c188="" class="container-fluid"><div _ngcontent-wkf-c188="" class="row navbar-search-row"><div _ngcontent-wkf-c188="" class="col search px-0 d-lg-none"><div _ngcontent-wkf-c188="" class="navbar-search"><eg-search _ngcontent-wkf-c188="" _nghost-wkf-c179="" class="navbar-search ng-star-inserted"><form _ngcontent-wkf-c179="" novalidate="" class="ng-untouched ng-pristine ng-valid"><div _ngcontent-wkf-c179="" id="searchBarContainer" class="input-group"><input _ngcontent-wkf-c179="" type="text" id="dropdownSearch" formcontrolname="dropdownSearch" aria-haspopup="true" aria-expanded="false" aria-describedby="button-submit" autocomplete="off" class="form-control ng-untouched ng-pristine ng-valid" placeholder="Rechercher dans ce catalogue"><!----><!----><div _ngcontent-wkf-c179="" id="searchBtnHeaderContainer" class="input-group-append"><button _ngcontent-wkf-c179="" id="button-submit" type="button" class="btn btn-red"><svg-icon _ngcontent-wkf-c179="" src="assets/svg/loupe.svg"><svg viewBox="0 0 20 20" xmlns="http://www.w3.org/2000/svg" _ngcontent-wkf-c179="" aria-hidden="true" style="height: 20px; width: 20px;"><title _ngcontent-wkf-c179="">loupe</title>
    <path d="M19.69,18.18l-4.3-4.3a8.61,8.61,0,1,0-1.51,1.51l4.3,4.3a1.08,1.08,0,0,0,.75.31,1.07,1.07,0,0,0,.75-1.82ZM8.5,2A6.5,6.5,0,1,1,2,8.5,6.51,6.51,0,0,1,8.5,2Z" fill="#fff" _ngcontent-wkf-c179=""></path>
</svg></svg-icon></button></div></div></form></eg-search><!----></div></div></div></div></header></nav></div><!----></eg-mobile-header><eg-mobile-menu _ngcontent-wkf-c229="" class="navbar-collapse__wrapper" _nghost-wkf-c190=""><eg-modal-contact _ngcontent-wkf-c190="" _nghost-wkf-c189=""></eg-modal-contact><div _ngcontent-wkf-c190="" class="protector protector__navigation js-navbar-toggler"></div><div _ngcontent-wkf-c190="" id="navBarMobile" class="navbar-collapse"><div _ngcontent-wkf-c190="" class="navbar-collapse__main-container"><header _ngcontent-wkf-c190="" class="navbar-collapse__header"><div _ngcontent-wkf-c190="" class="navbar-collapse__logo"><a _ngcontent-wkf-c190="" href=""><img _ngcontent-wkf-c190="" src="assets/images/logo-horizontal.018fa69f.png" alt="Transgourmet" class="img-fluid"></a></div><div _ngcontent-wkf-c190="" class="navbar-collapse__icons"><a _ngcontent-wkf-c190=""><svg-icon _ngcontent-wkf-c190="" src="assets/svg/mobile-telephone.svg"><svg xmlns="http://www.w3.org/2000/svg" viewBox="0 0 12.5 12.5" _ngcontent-wkf-c190="" aria-hidden="true" style="height: 12.5px; width: 12.5px;">
    <title _ngcontent-wkf-c190="">telephone</title>
    <path d="M12.18,9.22,10.62,7.67a1.1,1.1,0,0,0-1.55,0l-.71.71a.83.83,0,0,1-1.18,0L4.13,5.31a.83.83,0,0,1,0-1.18l.71-.71a1.1,1.1,0,0,0,0-1.55L3.28.32a1.1,1.1,0,0,0-1.55,0L1.16.88a4,4,0,0,0,0,5.6L6,11.34a4,4,0,0,0,5.6,0l.57-.57A1.1,1.1,0,0,0,12.18,9.22ZM2.24.84a.37.37,0,0,1,.52,0L4.31,2.39a.37.37,0,0,1,0,.52l-.26.26L2,1.09Zm4.29,10L1.68,6a3.22,3.22,0,0,1-.2-4.35L3.54,3.69a1.56,1.56,0,0,0,.07,2.14L6.67,8.89h0A1.56,1.56,0,0,0,8.81,9L10.87,11A3.21,3.21,0,0,1,6.53,10.82Zm5.13-.57-.26.26L9.33,8.44l.26-.26a.37.37,0,0,1,.52,0l1.55,1.55A.37.37,0,0,1,11.66,10.26Z" fill="#fff" _ngcontent-wkf-c190=""></path>
</svg></svg-icon></a></div><div _ngcontent-wkf-c190="" class="navbar-collapse__icons"><!----><a _ngcontent-wkf-c190="" class="button ng-star-inserted" href="/egourmet/prospect/validemail?activeStep=1&amp;numberSteps=2"><svg-icon _ngcontent-wkf-c190="" src="assets/svg/mobile-compte.svg"><svg xmlns="http://www.w3.org/2000/svg" viewBox="0 0 11.9 13.29" _ngcontent-wkf-c190="" aria-hidden="true" style="height: 13.29px; width: 11.29px;">
    <title _ngcontent-wkf-c190="">compte</title>
    <path d="M8.7,8.39H3.2A3.16,3.16,0,0,0,0,11.5v1.35a.45.45,0,0,0,.9,0V11.5a2.25,2.25,0,0,1,2.3-2.2H8.7A2.25,2.25,0,0,1,11,11.5v1.35a.45.45,0,0,0,.9,0V11.5A3.16,3.16,0,0,0,8.7,8.39Z" fill="#fff" _ngcontent-wkf-c190=""></path>
    <path d="M5.51,6.47a3.24,3.24,0,1,0-3.2-3.24A3.22,3.22,0,0,0,5.51,6.47ZM5.51.9a2.34,2.34,0,1,1-2.3,2.34A2.32,2.32,0,0,1,5.51.9Z" fill="#fff" _ngcontent-wkf-c190=""></path>
</svg></svg-icon></a><!----></div></header><div _ngcontent-wkf-c190="" class="navbar-collapse__main"><div _ngcontent-wkf-c190="" class="container overflow-scroll-y"><div _ngcontent-wkf-c190="" class="mb-4 navbar-collapse__buttons"><!----><h3 _ngcontent-wkf-c190="" class="title">En ce moment</h3><!----><!----></div><div _ngcontent-wkf-c190="" class="mb-3 navbar-collapse__univers"><h3 _ngcontent-wkf-c190="" class="title mb-0">rayons</h3><ul _ngcontent-wkf-c190=""><li _ngcontent-wkf-c190="" class="ng-star-inserted"><a _ngcontent-wkf-c190="">Boulangerie Viennoiserie</a></li><li _ngcontent-wkf-c190="" class="ng-star-inserted"><a _ngcontent-wkf-c190="">Produits du Labo Glaces</a></li><li _ngcontent-wkf-c190="" class="ng-star-inserted"><a _ngcontent-wkf-c190="">Beurre Œufs Crèmerie</a></li><li _ngcontent-wkf-c190="" class="ng-star-inserted"><a _ngcontent-wkf-c190="">Emballages Décors Matériel</a></li><li _ngcontent-wkf-c190="" class="ng-star-inserted"><a _ngcontent-wkf-c190="">Snacking Traiteur</a></li><li _ngcontent-wkf-c190="" class="ng-star-inserted"><a _ngcontent-wkf-c190="">Fruits et Légumes</a></li><li _ngcontent-wkf-c190="" class="ng-star-inserted"><a _ngcontent-wkf-c190="">Boissons</a></li><li _ngcontent-wkf-c190="" class="ng-star-inserted"><a _ngcontent-wkf-c190="">Confiserie</a></li><li _ngcontent-wkf-c190="" class="ng-star-inserted"><a _ngcontent-wkf-c190="">Produits de Restauration</a></li><li _ngcontent-wkf-c190="" class="ng-star-inserted"><a _ngcontent-wkf-c190="">Équipement Hygiène</a></li><!----></ul></div></div></div></div><footer _ngcontent-wkf-c190=""><a _ngcontent-wkf-c190="" id="btnLogout" class="dropdown-item logout-link"><span _ngcontent-wkf-c190="" class="icon icon--small icon--close" style="margin-top: 1px;"><svg-icon _ngcontent-wkf-c190="" src="assets/svg/logout.svg"><svg xmlns="http://www.w3.org/2000/svg" width="9.96" height="9.96" viewBox="0 0 9.96 9.96" _ngcontent-wkf-c190="" aria-hidden="true" style="height: 9.96px; width: 9.96px;"><title _ngcontent-wkf-c190="">close</title><path d="M5,0a5,5,0,1,0,5,5A5,5,0,0,0,5,0ZM5,9.1A4.12,4.12,0,1,1,9.1,5,4.13,4.13,0,0,1,5,9.1Z" fill="#c30d25" _ngcontent-wkf-c190=""></path><path d="M6.9,3.05a.43.43,0,0,0-.6,0L5,4.38,3.66,3.05a.43.43,0,0,0-.6.6L4.37,5,3.05,6.3a.43.43,0,1,0,.6.6L5,5.58,6.3,6.91a.43.43,0,0,0,.6-.6L5.58,5,6.9,3.66A.43.43,0,0,0,6.9,3.05Z" fill="#c30d25" _ngcontent-wkf-c190=""></path></svg></svg-icon></span><!----><div _ngcontent-wkf-c190="" class="content no-wrap ng-star-inserted"> Modifier métier/ville </div><!----></a><div _ngcontent-wkf-c190="" class="row no-gutters"><div _ngcontent-wkf-c190="" class="col-4"><a _ngcontent-wkf-c190="" routerlink="/page/mercuriales" class="nav-link btn-picto-upper" href="/egourmet/page/mercuriales"><span _ngcontent-wkf-c190="" aria-hidden="true"><svg-icon _ngcontent-wkf-c190="" src="assets/svg/mercuriales.svg"><svg viewBox="0 0 20 20" xmlns="http://www.w3.org/2000/svg" _ngcontent-wkf-c190="" aria-hidden="true" style="height: 20px; width: 20px;"><title _ngcontent-wkf-c190="">mercuriales</title>
    <path d="M17.44,0H10.87L0,10.87,9.13,20,20,9.13V2.56ZM19,8.47l-9.7,9.7L1.83,10.7,11.53,1h5.6L19,2.87Z" fill="#c30d25" _ngcontent-wkf-c190=""></path>
    <polygon fill="#c30d25" points="5.76 13.22 9.57 9.41 10.47 10.3 6.65 14.12 5.76 13.22" _ngcontent-wkf-c190=""></polygon>
    <path d="M14.51,2.87a1.76,1.76,0,1,0,2.5,0A1.75,1.75,0,0,0,14.51,2.87Zm1.7,1.7a.64.64,0,1,1,.19-.45A.64.64,0,0,1,16.21,4.57Z" fill="#c30d25" _ngcontent-wkf-c190=""></path>
    <polygon fill="#c30d25" points="4.58 12.05 10.75 5.88 11.64 6.77 5.47 12.94 4.58 12.05" _ngcontent-wkf-c190=""></polygon>
    <polygon fill="#c30d25" points="6.94 14.4 11.93 9.41 12.82 10.3 7.83 15.29 6.94 14.4" _ngcontent-wkf-c190=""></polygon>
</svg></svg-icon></span><span _ngcontent-wkf-c190="" class="txt">Mes<br>mercuriales</span></a></div><div _ngcontent-wkf-c190="" class="col-4"><a _ngcontent-wkf-c190="" routerlink="/page/cadencier" class="nav-link btn-picto-upper" href="/egourmet/page/cadencier"><span _ngcontent-wkf-c190="" aria-hidden="true"><svg-icon _ngcontent-wkf-c190="" src="assets/svg/cadencier-header.svg"><svg enable-background="new 0 0 20 19" id="Layer_1" version="1.1" viewBox="0 0 20 19" x="0px" xml:space="preserve" xmlns="http://www.w3.org/2000/svg" y="0px" _ngcontent-wkf-c190="" aria-hidden="true" style="height: 19px; width: 20px;">
    <title _ngcontent-wkf-c190="">cadencier</title>
    <path d="M17.67,3.71h-6.8C10.358,3.718,9.882,3.446,9.63,3l-1-1.78C8.228,0.477,7.455,0.01,6.61,0H2.33C1.071-0.028,0.028,0.97,0,2.229C0,2.233,0,2.236,0,2.24v12.52c0.022,1.26,1.06,2.262,2.319,2.24c0.004,0,0.007,0,0.011,0h15.34c1.259,0.027,2.303-0.971,2.33-2.229c0-0.004,0-0.008,0-0.012V5.95c-0.021-1.259-1.061-2.262-2.318-2.24C17.678,3.71,17.674,3.71,17.67,3.71z M0.93,2.25C0.941,1.494,1.563,0.889,2.319,0.9c0.004,0,0.007,0,0.011,0h4.28c0.517-0.004,0.993,0.277,1.24,0.73l1,1.78c0.06,0.107,0.126,0.211,0.2,0.31H0.93V2.25z M19.07,14.77c-0.017,0.757-0.643,1.357-1.4,1.34l0,0H2.33c-0.756,0.018-1.383-0.582-1.4-1.339V14.77V4.6h9.48h0.13h0.33h6.8c0.756-0.017,1.383,0.583,1.4,1.339c0,0.02,0,0.041,0,0.061V14.77z" fill="#C30D25" _ngcontent-wkf-c190=""></path>
    <path d="M13.2,7.68L9,11.51L6.8,9.37c-0.185-0.175-0.475-0.175-0.66,0C5.963,9.537,5.955,9.815,6.122,9.992c0.006,0.006,0.012,0.012,0.018,0.018l2.56,2.45c0.088,0.085,0.207,0.132,0.33,0.13c0.12-0.001,0.234-0.047,0.32-0.13l4.5-4.13c0.178-0.167,0.186-0.445,0.019-0.622c-0.006-0.006-0.013-0.012-0.019-0.018C13.669,7.518,13.387,7.514,13.2,7.68z" fill="#C30D25" _ngcontent-wkf-c190=""></path>
</svg></svg-icon></span><span _ngcontent-wkf-c190="" class="txt">Mon<br>cadencier</span></a></div><div _ngcontent-wkf-c190="" class="col-4"><a _ngcontent-wkf-c190="" routerlink="/page/my-lists" class="nav-link btn-picto-upper" href="/egourmet/page/my-lists"><span _ngcontent-wkf-c190="" aria-hidden="true"><svg-icon _ngcontent-wkf-c190="" src="assets/svg/liste-header.svg"><svg viewBox="0 0 20 20" xmlns="http://www.w3.org/2000/svg" _ngcontent-wkf-c190="" aria-hidden="true" style="height: 20px; width: 20px;">
    <title _ngcontent-wkf-c190="">liste</title>
    <path d="M7.84.16a.55.55,0,0,0-.77,0L5.87,1.32a3.45,3.45,0,0,0-2.46-1A3.39,3.39,0,0,0,0,3.65,3.39,3.39,0,0,0,3.42,7,3.39,3.39,0,0,0,6.69,4.62.53.53,0,0,0,6.33,4a.55.55,0,0,0-.68.36A2.34,2.34,0,0,1,3.42,5.93,2.3,2.3,0,0,1,1.09,3.65,2.3,2.3,0,0,1,3.42,1.37a2.36,2.36,0,0,1,1.68.71L3.5,3.64l-.92-.9a.56.56,0,0,0-.77,0,.52.52,0,0,0,0,.76l1.3,1.28a.55.55,0,0,0,.77,0l4-3.86A.53.53,0,0,0,7.84.16Z" fill="#c30d25" _ngcontent-wkf-c190=""></path>
    <path d="M3.5,7A3.28,3.28,0,0,0,0,10a3.28,3.28,0,0,0,3.5,3A3.28,3.28,0,0,0,7,10,3.28,3.28,0,0,0,3.5,7Zm0,5a2.23,2.23,0,0,1-2.38-2A2.23,2.23,0,0,1,3.5,8a2.23,2.23,0,0,1,2.38,2A2.23,2.23,0,0,1,3.5,12Z" fill="#c30d25" _ngcontent-wkf-c190=""></path>
    <path d="M3.5,14A3.28,3.28,0,0,0,0,17a3.28,3.28,0,0,0,3.5,3A3.28,3.28,0,0,0,7,17,3.28,3.28,0,0,0,3.5,14Zm0,5a2.23,2.23,0,0,1-2.38-2A2.23,2.23,0,0,1,3.5,15a2.23,2.23,0,0,1,2.38,2A2.23,2.23,0,0,1,3.5,19Z" fill="#c30d25" _ngcontent-wkf-c190=""></path>
    <path d="M19.44,10.21H8.56a.5.5,0,1,0,0,1H19.44a.5.5,0,1,0,0-1Z" fill="#c30d25" _ngcontent-wkf-c190=""></path>
    <path d="M8.56,4.21H19.44a.53.53,0,0,0,.56-.5.53.53,0,0,0-.56-.5H8.56a.53.53,0,0,0-.56.5A.53.53,0,0,0,8.56,4.21Z" fill="#c30d25" _ngcontent-wkf-c190=""></path>
    <path d="M19.44,16.21H8.56a.5.5,0,1,0,0,1H19.44a.5.5,0,1,0,0-1Z" fill="#c30d25" _ngcontent-wkf-c190=""></path>
</svg></svg-icon></span><span _ngcontent-wkf-c190="" class="txt">Mes<br>listes</span></a></div></div></footer></div></eg-mobile-menu></div><main _ngcontent-wkf-c229="" class="main-container"><router-outlet _ngcontent-wkf-c229=""></router-outlet><eg-catalogues _nghost-wkf-c237="" class="ng-star-inserted"><eg-modal-product-gabarit _ngcontent-wkf-c237="" _nghost-wkf-c231=""></eg-modal-product-gabarit><div _ngcontent-wkf-c237="" class="carrousel"><header _ngcontent-wkf-c237="" class="top-bar"><span _ngcontent-wkf-c237="" class="ng-star-inserted">PROMO Juin 2022</span><!----></header></div><div _ngcontent-wkf-c237="" title="Retour catalogue complet" class="bg"><picture _ngcontent-wkf-c237=""><source _ngcontent-wkf-c237="" media="(min-width: 1200px)" srcset="https://cstatic.transgourmet.fr/tg-ecommerce/marketting/banners_large/promo-bpi-juin-22.jpg"><source _ngcontent-wkf-c237="" media="(max-width: 768px)" srcset="https://cstatic.transgourmet.fr/tg-ecommerce/marketting/banners_responsive/promo-bpi-juin-22.jpg"><img _ngcontent-wkf-c237="" id="bgGabarit" alt="Image principale du catalogue" class="card-img-top" srcset="https://cstatic.transgourmet.fr/tg-ecommerce/marketting/banners_large/promo-bpi-juin-22.jpg"></picture></div><div _ngcontent-wkf-c237="" id="switchViewBtnContainer" class="mainBtnCatalog ng-star-inserted"><button _ngcontent-wkf-c237="" id="btnSwitchView" type="button" aria-label="Close" class="col-7 col-md-5 btn btn-primary">Masquer les rayons</button></div><!----><!----><!----><div _ngcontent-wkf-c237="" class="container container__catalogue ng-star-inserted"><div _ngcontent-wkf-c237="" class="ng-star-inserted"><div _ngcontent-wkf-c237="" class="title__catalogue"><h2 _ngcontent-wkf-c237="" class="text">Beurre Œufs Crèmerie</h2><div _ngcontent-wkf-c237="" class="badge_catalogue">26 produits</div></div><ngx-masonry _ngcontent-wkf-c237="" _nghost-wkf-c142="" style="position: relative; height: 4937.22px;" class="ng-star-inserted"><eg-gabarit-basic _ngcontent-wkf-c237="" _nghost-wkf-c236="" id="masonry-item-0" class="ng-star-inserted"><div _ngcontent-wkf-c236="" ngxmasonryitem="" class="Beurre Crèmerie gabarit gabarit__xs gabarit__xs__1 grid-item Œufs ng-star-inserted" style="position: absolute; left: 0px; top: 0px; opacity: 1; transition-property: opacity, transform; transition-duration: 0.4s; transition-delay: 0ms;"><div _ngcontent-wkf-c236="" class="wrapper ng-star-inserted"><!----><header _ngcontent-wkf-c236="" class="header"><img _ngcontent-wkf-c236="" class="hidded" src="https://cstatic.transgourmet.fr/tg-ecommerce/images/products/detail/203487.jpg"><a _ngcontent-wkf-c236=""><img _ngcontent-wkf-c236="" class="visuel ng-star-inserted" src="https://cstatic.transgourmet.fr/tg-ecommerce/images/products/detail/203487.jpg"><!----><!----><!----></a><eg-product-info-pictos _ngcontent-wkf-c236="" _nghost-wkf-c203=""><div _ngcontent-wkf-c203="" id="infos-special-pictos"><img _ngcontent-wkf-c203="" alt="veggie" src="assets/images/picto-veggie-web-blanc.png" class="ng-star-inserted"><!----><!----></div></eg-product-info-pictos></header><div _ngcontent-wkf-c236="" class="body"><eg-products-info-top-cartouche _ngcontent-wkf-c236="" _nghost-wkf-c199="" class="ng-star-inserted"><!----></eg-products-info-top-cartouche><!----><div _ngcontent-wkf-c236="" class="labels"><div _ngcontent-wkf-c236="" class="labels-container"></div><eg-products-info-top-fide _ngcontent-wkf-c236="" _nghost-wkf-c200=""><!----></eg-products-info-top-fide></div><div _ngcontent-wkf-c236="" id="category"><h5 _ngcontent-wkf-c236="" class="category"><span _ngcontent-wkf-c236="" class="txt ng-star-inserted">PRESIDENT PROFESSIONNEL</span><!----><!----></h5><eg-product-temperature-block _ngcontent-wkf-c236="" _nghost-wkf-c202=""><img _ngcontent-wkf-c202="" src="https://cstatic.transgourmet.fr/tg-ecommerce/images/picto-frais.png" alt="Frais" title="Frais" class="pictoImg ng-star-inserted"><!----><!----><!----><!----></eg-product-temperature-block></div><div _ngcontent-wkf-c236="" class="title-wrapper"><a _ngcontent-wkf-c236=""><h3 _ngcontent-wkf-c236="" class="title">Beurre sec tourage 84 % m.g.</h3><h3 _ngcontent-wkf-c236="" class="title ng-star-inserted"> plaque de 2 kg </h3><!----></a></div><p _ngcontent-wkf-c236="" class="text"> Plaque de 2 kg.<br _ngcontent-wkf-c236="" class="ng-star-inserted"><!----> Colis de 5 plaques.<br _ngcontent-wkf-c236="" class="ng-star-inserted"><!----><!----><!----><!----></p><footer _ngcontent-wkf-c236=""><eg-gabarit-price _ngcontent-wkf-c236="" _nghost-wkf-c235="" class="ng-star-inserted"><div _ngcontent-wkf-c235="" class="price"> 111,30€ <!----></div><div _ngcontent-wkf-c235="" class="extra-wrapper"><div _ngcontent-wkf-c235="" class="extra"><div _ngcontent-wkf-c235=""><strong _ngcontent-wkf-c235=""><eg-product-trade-prices _ngcontent-wkf-c235="" _nghost-wkf-c155=""><div _ngcontent-wkf-c155="" class="prices-unity">Soit 11,13€ / kg </div><div _ngcontent-wkf-c155="" class="prices-unity prices-other ng-star-inserted">Soit 22,26€ / plaque
</div><!----><!----><!----></eg-product-trade-prices></strong> Code : 452599<br _ngcontent-wkf-c235=""></div></div><button _ngcontent-wkf-c235="" type="button" class="btn btn__icon__basic"><svg _ngcontent-wkf-c235="" xmlns="http://www.w3.org/2000/svg" viewBox="0 0 19 17.08" width="37" height="34"><path _ngcontent-wkf-c235="" d="M14.25,17.08a1.88,1.88,0,1,1,1.88-1.88A1.88,1.88,0,0,1,14.25,17.08Zm0-3.05a1.18,1.18,0,1,0,1.18,1.18A1.18,1.18,0,0,0,14.25,14Z"></path><path _ngcontent-wkf-c235="" d="M6.65,17.08A1.88,1.88,0,1,1,8.53,15.2,1.88,1.88,0,0,1,6.65,17.08Zm0-3.05A1.18,1.18,0,1,0,7.83,15.2,1.18,1.18,0,0,0,6.65,14Z"></path><path _ngcontent-wkf-c235="" d="M16.7,8.49,5.15,10,3.72,3H18Zm2.22-6a.41.41,0,0,0-.32-.15h-15l-.4-2c0-.15-.24-.31-.4-.31H.4A.37.37,0,0,0,0,.39.37.37,0,0,0,.4.77H2.45l1.9,9.42A2.77,2.77,0,0,0,7,12.35h9.1a.39.39,0,1,0,0-.77h-9a1.84,1.84,0,0,1-1.58-.85L17.1,9.19a.34.34,0,0,0,.32-.31L19,2.7A.37.37,0,0,0,18.92,2.47Z"></path></svg></button></div></eg-gabarit-price><!----></footer></div></div><!----></div><!----><!----><!----><!----><!----><!----></eg-gabarit-basic><!----><!----><eg-gabarit-basic _ngcontent-wkf-c237="" _nghost-wkf-c236="" id="masonry-item-1" class="ng-star-inserted"><div _ngcontent-wkf-c236="" ngxmasonryitem="" class="Beurre Crèmerie gabarit gabarit__xs gabarit__xs__1 grid-item Œufs ng-star-inserted" style="position: absolute; left: 201px; top: 0px; opacity: 1; transition-property: opacity, transform; transition-duration: 0.4s; transition-delay: 0ms;"><div _ngcontent-wkf-c236="" class="wrapper ng-star-inserted"><!----><header _ngcontent-wkf-c236="" class="header"><img _ngcontent-wkf-c236="" class="hidded" src="https://cstatic.transgourmet.fr/tg-ecommerce/images/products/detail/246226.jpg"><a _ngcontent-wkf-c236=""><img _ngcontent-wkf-c236="" class="visuel ng-star-inserted" src="https://cstatic.transgourmet.fr/tg-ecommerce/images/products/detail/246226.jpg"><!----><!----><!----></a><eg-product-info-pictos _ngcontent-wkf-c236="" _nghost-wkf-c203=""><div _ngcontent-wkf-c203="" id="infos-special-pictos"><img _ngcontent-wkf-c203="" alt="veggie" src="assets/images/picto-veggie-web-blanc.png" class="ng-star-inserted"><!----><!----></div></eg-product-info-pictos></header><div _ngcontent-wkf-c236="" class="body"><eg-products-info-top-cartouche _ngcontent-wkf-c236="" _nghost-wkf-c199="" class="ng-star-inserted"><!----></eg-products-info-top-cartouche><!----><div _ngcontent-wkf-c236="" class="labels"><div _ngcontent-wkf-c236="" class="labels-container"></div><eg-products-info-top-fide _ngcontent-wkf-c236="" _nghost-wkf-c200=""><!----></eg-products-info-top-fide></div><div _ngcontent-wkf-c236="" id="category" class="category-highlight"><h5 _ngcontent-wkf-c236="" class="category"><!----><span _ngcontent-wkf-c236="" class="logo-highlight-brand ng-star-inserted"><svg-icon _ngcontent-wkf-c236=""><svg xmlns:dc="http://purl.org/dc/elements/1.1/" xmlns:cc="http://creativecommons.org/ns#" xmlns:rdf="http://www.w3.org/1999/02/22-rdf-syntax-ns#" xmlns:svg="http://www.w3.org/2000/svg" xmlns="http://www.w3.org/2000/svg" xmlns:xlink="http://www.w3.org/1999/xlink" xmlns:sodipodi="http://sodipodi.sourceforge.net/DTD/sodipodi-0.dtd" xmlns:inkscape="http://www.inkscape.org/namespaces/inkscape" version="1.1" id="svg10" width="286.07999" height="84.800003" viewBox="0 0 286.07999 84.800003" sodipodi:docname="logo-natura.svg" inkscape:version="1.0.1 (3bc2e813f5, 2020-09-07)" _ngcontent-wkf-c236="" aria-hidden="true" style="height: 22px;">
  <metadata id="metadata16" _ngcontent-wkf-c236="">
    <rdf:rdf _ngcontent-wkf-c236="">
      <cc:work rdf:about="" _ngcontent-wkf-c236="">
        <dc:format _ngcontent-wkf-c236="">image/svg+xml</dc:format>
        <dc:type rdf:resource="http://purl.org/dc/dcmitype/StillImage" _ngcontent-wkf-c236=""></dc:type>
        <dc:title _ngcontent-wkf-c236=""></dc:title>
      </cc:work>
    </rdf:rdf>
  </metadata>
  <defs id="defs14" _ngcontent-wkf-c236=""></defs>
  <sodipodi:namedview pagecolor="#ffffff" bordercolor="#666666" borderopacity="1" objecttolerance="10" gridtolerance="10" guidetolerance="10" inkscape:pageopacity="0" inkscape:pageshadow="2" inkscape:window-width="1920" inkscape:window-height="1011" id="namedview12" showgrid="false" inkscape:zoom="4.2505595" inkscape:cx="143.03999" inkscape:cy="42.400002" inkscape:window-x="-8" inkscape:window-y="-8" inkscape:window-maximized="1" inkscape:current-layer="g18" _ngcontent-wkf-c236=""></sodipodi:namedview>
  <g inkscape:groupmode="layer" inkscape:label="Image" id="g18" _ngcontent-wkf-c236="">
    <image width="286.07999" height="84.800003" preserveAspectRatio="none" xlink:href="data:image/png;base64,iVBORw0KGgoAAAANSUhEUgAAA34AAAEJCAYAAADLkfVEAAAABmJLR0QA/wD/AP+gvaeTAAAACXBI
WXMAAC4jAAAuIwF4pT92AAAAB3RJTUUH5QEbCjcEqtg4RAAAIABJREFUeNrt3X9wVPWh9/FPOx22
I4YkjleiD5rY5oJBkVwJah9RDgO9Dw/Yh4A6/uhcWbi2SNeRWHvV5xEk3tBWubWGPu7VWgqLnbYy
KAlXyUNHMhwEr0oSGogY4YaaQC4G67DEFcfl/uHzx56N+zPZJLtn92zer5kMJNnsnv2es9/z/Zzv
93y/X/vyyy8FAAAAAMhfX6cIAAAAAIDgBwAAAAAg+AEAAAAACH4AAAAAAIIfAAAAAIDgBwAAAAAg
+AEAAAAACH4AAAAAQPADAAAAABD8AAAAAAAEPwAAAAAAwQ8AAAAAkGHfGOoBLo9hSNpDUQGOMSfo
NU2KAQAAAGH0+AEAAAAAwQ8AAAAAQPADAAAAABD8AAAAAAAEPwAAAAAAwQ8AAAAAQPADAAAAABD8
AAAAAIDgBwAAAAAg+AEAAAAACH4AAAAAAIIfAAAAAIDgBwAAAAAg+AEAAAAACH4AAAAAQPADAAAA
ABD8AAAAAAAEPwAAAAAAwQ8AAAAAQPADAAAAABD8AAAAAAAEPwAAAAAAwQ8AAAAACH4AAAAAAIIf
AAAAAIDgBwAAAAAg+AEAAAAACH4AAAAAAIIfAAAAAIDgBwAAAAAEPwAAAAAAwQ8AAAAAQPADAAAA
ABD8AAAAAAAEPwAAAAAAwQ8AAAAAQPADAAAAAIIfAAAAAIDgBwAAAAAg+AEAAAAACH4AAAAAAIIf
AAAAAIDgBwAAAAAg+AEAAAAACH4AAAAAQPADAAAAABD8AAAAAAAEPwAAAAAAwQ8AAAAAQPADAAAA
ABD8AAAAAAAEPwAAAAAg+AEAAAAACH4AAAAAAIIfAAAAAIDgBwAAAAAg+AEAAAAACH4AAAAAAIIf
AAAAABD8KAIAAAAAIPgBAAAAAAh+AAAAAACCHwAAAACA4AcAAAAAIPgBAAAAAAh+AAAAAACCHwAA
AAAQ/AAAAAAABD8AAAAAAMEPAAAAAEDwAwAAAAAQ/AAAAAAABD8AAAAAAMEPAAAAAAh+AAAAAACC
HwAAAACA4AcAAAAAIPgBAAAAAAh+AAAAAACCHwAAAACA4AcAAAAAIPgBAAAAAMEPAAAAAEDwAwAA
AAAQ/AAAAAAABD8AAAAAAMEPAAAAAEDwAwAAAAAQ/AAAAACA4AcAAAAAIPgBAAAAAAh+AAAAAIDc
8A2KILsWlJRKkiZfcoUKvjleknTZxSW64pLLh/U8Jz4+qVOf9A18/1H/X3Wq/xNJ0snAGXWcC1DY
AICMc3mMIkk1ktySStP0tDsk1Qe9pkkJAwDBL6eVjHNp9qXf0uSJpbpx6kyVXVqq8knltm/H7pZm
SdKR7k4FPv9MbSc69WnwC+33n2YnAQDSwZQ0Pc3PuUjSIpfHWBb0mj6KGACG72tffvnloA9weQxD
0h6KamRh79Yrr9Hi7yzQvJlzc357u3q71P1Rj955v0Uf9f9VH3zcSyB0pjlcFQeQDS6PUSPp2Qy+
RL+ksqDXPEtpA8Dw0OOXIWuuny/PkhUqLih2zDaXTypX+aTyuJDa2tmqw395T23HOwiDAIDBVGf4
+QslGZIaKWoAIPhlVck4l1794U9VVVGVN++pqqJKVRVVWm597w/4tafN1LtHD6r15DGCIADATpUE
PwAg+BH6bFBcUKwlxmItMRZHBcHmw/v1bu8xJpIBAAAACH7569lF9+d96EslCLZ2tmrXgd3a8x9/
pjcQAAAAIPjljztLKwaCz1gXHhq6WqEJY36zc4uaj7fTEwgAAAAQ/JztiXsephASKJ9UrqdX1EkK
LSXR8HaTNh5to2AAAAAAG32dIhi9O0srsrImn9PMmzlX3gefUd9TDVpz/XyVjHNRKAAAAADBzxmq
r/97CmEYiguKtXrpY+p59k96foFb08YXUCgAAAAAwS93lYxzcW/fKCxf6Fbr+tfoAQQAAAAIfrlr
9qXfohDSYPXSx9T+zy+r5tqbKQwAAACA4JdbJk8spRDSpLigWE+vqNNO9xqGfwIAAAAEv9xx49SZ
FEKazZs5V2+seUn3TZlBYQAAAAAEv+wru5Qev0yZe+0s7vsDAAAA0oB1/EZpOMs47G5plnfXS0M+
rsB1QUpDSC+7uERXXHL5wPczrrpOxQXFji3Lrt4u7Xx7l9o+PKKtPZ0cXAAAAADBz3le2vOKmvp6
UnvwCIPPtPEFqr76JnmWrHBECNzd0qw3DppqPXlM+/2nOUgAAAAAgl9uWVAyvGGeD37vH7X3xcfV
dz6YsW3qOBdQx4Fd+k37Hq2dd7eWL3TnVJlF9urt/egvGS0LAAAAAAQ/21VVVKn9n1/WS7t+r387
tC+jPVx954Na2eTT0d7jenpFXdbesz/g1542U82H9+vd3mPqOBcY1fOVjHMRFgEAAACCX24rLijW
qjse0Ko7HpAUGup44uOTOvVJnz7q/6tO9X8iSfo0+EVagmH94X26wWywbZH5cNB79+jBtA3fLBnn
0q1XXqNl371bknTTcz/hQAIAAAAIfs4xb+bcEYWrtg8OSpKOdHfq1JnTg4ash3a8oDkzjIzc89fa
2arDf3lPR3uPp/0+vTtLK2RcfYMW37IoatvvmzJDG4+2cfAAAAAABL/8VVxQPBAYI4NjV2+XXm5+
Rb9p3xM1HLLvfFCrN6+T98FnRhXwzn7Wr3febxnomUx5opoUlYxzafal30oY9iLN+PY0gh8AAABA
8BubyieVa/XSxzT/+nm6LWYSmY1H23SqbqlmXFEx5PMcO92jQPBzSUp7uIu1oKRUM66o0I1TZ6bU
+7m7pVm/f/v/sbMBAAAAgp89TgbODPtv1m15SnUHdg2EHkkDYWxq6RRNGD9BUmhh+OGsERipqqJK
v73nES30RU/q0tTXk/EgN5hp4ws09eJJmjyxNOWgF9bV26Vntz9PTx8AAABA8LPXSGaoDIe+cBCL
/FcRvxtuoPrR7Nuilm6YN3Ouag6aqj+8Lytls6CkVJcVXqzJl16pq8sqRry4vD/gl3f7r+OGrwIA
AAAg+OWsTExM0nEuoNcO7olbs++xe36slz84kNHAFNmLN7V0iq4tnzbinkoCHwAAAEDwy0ldvV3D
CjreB5/ROmtWzvAyDpLUdqJz0L8bbIjmrOKJ+oebq+N+XlxQrLXz7tbKJl9a3uuCklJNvuQKXXbR
RF1dVjGiGUnTEfhmFU+UpIyugwhkkstjlEkqk1Qpqcj6sZHk4WcltVv/7w5/Bb1mNyU56v0QLvMi
a19EMlJ4inZr/0Ttp6DXNCldADl43qmMOO9UJqnP2iW1O/kcE3GOVcx5VtbPy4Z4isjzbmTZOP7c
S/Abpe6PeobdwxU5K2emLV/olnnkXW3t6Uz5b2YVT9R/m3DRwL14o7nfcDgBOpV7+GYVT9Qrj76g
25++n4MPTjkBFVkhwrBOQLNH8DSLEjxvv3UyMiU1Br1mO6UdV0aVEQG7LOKrNE0vMTvJ60pSeP+E
v0zCOoAs1IFuSdUp1HuzY/52r6SaXDy3WOfVyBBrDFYnj9CiQer3QwpdhA3X7aZTjomvffnll0MV
riFpDx+fxJ5f4I4bYplr/AG/nvrDL6OGfU4bX6DLCy7SZYUX69LCv9GNU2eq6MJCVVVU2bpt280G
/W5fY0qTztw3ZcbAkhTWBw+JzRmLPQ7WFT5DQ1/JG8pZK0h1j3Jbqq2v2TYVQb+kRkn1Yy0ERjQC
jIiQNz0HN7UnIqg3OqBcqxXfKzAUdxqDdTJ7rXK0Q3emQ7vVOK9O4/Y2Br3m2TFSX6elzs7Ae6tW
dC+Trceey2O4rc/iaM8//ZLKsnk8WZ+P2K/CHDys91rn4MZcvshH8BulNdfP1+qlj+XEtnT1dunN
Q/sV+Pwz3Tv/+xlZsD1d2/ly8ytqPPJWyhPkRJZza2erbnruJxx8BL/Yk9zmND/thqDXrMnSyXa0
DlkB0Jen+zsy5Bk2BI0xFdSt8jVztHGVLU8GvWZtBi5YNGagvuhXqKfGl6Of33pJqzLw1MOusx3y
3palui+tz259mo+ph4Jes96m8iuKqdtnO7S+OGTth5y7CEPwG6UFJaVqWLMlpce2drZq25s7VPDN
8bpx6swRz3QZ+XwnTp/Uu0cPqvXksah73iJ7x3KBP+BXw5s7hj3stGScS7+955GoobGbdvrSdt8i
wS8vQkC1pIZsNfasE1WN9ZVrDeVDVgPQdPg+LrMaAdXWv/kWSPZKqs2F/WSVdTuhb3QN8BTLulFJ
hpPl67kgQxfpMhrQh/HeaiWtzdDTLx5qlEAGXz+jZWrljHDdPj3P6ox+KwDW50oA5B6/UUp1LT9/
wK/7Nz/5VQ9XxNIN4fX8JCVcYD3wxTkd+/jEwPcHz/QNOdPlqf5PcqJ8tpsNaj68X69/+N6wZ+e8
s7RCG1b+LC4ctx3v4MBDpJoMP3etAwNf2HRJe1weY4MVLM46acdajcSaPGwMxJpt7adcuKemmtCX
VK0kX5qO7bIMh75w/WXmYBlm+j3XZum91WS43BoHORf5bDie0lm3l1nvKd/rm0IrjNe4PEZ9ti5K
EPzSqONcQP6Af8ieu+KCYl1ecFHCoY2R97ela4H1RLN82iHcs9d2vGNEYU8K9fI9u+h+LTEWJ/z9
6x++x4GH2EZzJivtRCet2hwPfLFWSap2eYxqJ9z/ZzVkzDEQ+BIdy3/OclCvFpJJ55DiMhu2tyjP
yzBhne3yGJVZqucyeT6Yni91pQ29vjkbAMO3g2SzJ57glwZtHxxMaZbOhjVb1NXbpZ1v75L5QUva
Ql7YrOKJqrp8sn6wcGnGZ+GMFH5PbR8eGdYwzkRqrr1Zj93z46RBetNOH+v6IZsnLEOhK6tOvKes
VJLp8hhuB0ws0jgGQ19sUDesfcVsrYDzA28mzkdODH2VYzD0xZ6H97g8RtaGJBP80uCd91tSXp6h
fFK5Vt3xwMCdv7tbmnWku1OnzpzWsY9P6NPgF4OuT1cyzqXrLiqRFBoWWnDBhbq6rGLU9wsOhz/g
1542U82H9+vd3mMpT9AymPumzNBDS1YOGVhfO8jtpsjaCbZWmZmQwE6FkhpcHmNZDk/8UCbn3tCf
TtMdFNQB2K9ezrtAVsNukxTq/atUqPfP1pEdBL80OHZ65D1382bOtW1Nv5Hq6u3S4a6OhJPI2BX4
pNBkNunuJQVSCCKVCvVAlebR29rs8hjtOdqbVMZR55ygDiAr56UaSUsduOnU719ZpNDFPcPO8Efw
S4O9H/0lb96LP+BX2wcH9c77LTp2ukfvf9Kblh69SCXjXLrrquuHPSR18xt/5GBDNvw5T9+Xad0L
080udkRQF+EPgHUx8llKIi9Mtzv8EfzSoO98UK2drbYvfj5a4Z6893uOZizkRVpQUqrvXTdnRAve
725p1sajbRxsQPoUKtSTWUlROEJ9DvfSArCPjyLIu/Dnk00TaxH80uTR3/+LJri+ObAcw9TSKZow
foKKLizMaiDc3dIsSTrS3anA55/p2Oke/eenZ9I6XHOosGdcNVMLvzN/VBPOeHe9xEEGZOCE4/IY
tbkwxTRSCuqmy2OUOW1ZDgDpYc0KOZ2SyDuL7DoXE/zSJBykBu5Bi1inLyxyYhZJKnBdoMkTR3/b
0EjW+cuUknEuzb70WzKuvkGLb1mUlglntpsN3NsHZM5al8fwMeTTMeHPJ5ZcAMZi6CtSaEIX5O+5
2Mz0Ug8EPxv1nQ/GB5hRLn+QC8LLSHz3OiPtE9X4A349tOMFDh4gs+oJE46xyFqPkZk+gbHFrfxe
7ByhC3tlBD/kZNC7Ycp1mjPDyOgyEque/z+s2wfYEyaMbC4qi+E1DhjyCYw5LIWQ/0ozPeST4IdB
TRtfoKkXT9LkiaW6cepMW9cL3G42jHpBeAApcyu0GDByX6HVCKylKICxEwoogrER8F0eoz5TF/YI
fmn21gO/0LY3d6j5eHtGZ8hMl/A9eeF7DcMLwmd7Upqu3i6GeAL2WmpdaeymKGgcAACyIqMX9gh+
aXb4L+/p6RV1kkILjudyCLyztEIbVv7Mth684VjxwuMM8QTs5xa9SE5qHLjFZA8AkG8yFvy+Ttmm
l3nk3YH/V1VU6ekVdWpd/5reeuAXqrn2Zs0qnpgT2zmreKJeeuT5nAx9nl89bNtyEwDigh+c1TgA
AOSXQmvpDoJfrtva06mu3q64n4dDYPO6rTryvzfq+QVu3VlaoZJxruyEq3l35WT5bdrpY6F2IHtK
XR6DBd2dtb+MND8nC8Qn108RALAJwc8pdr69a9Dfl08q1/KFbr30yPPqefZPeuuBX2i9cbutQXDO
DCPnym272aCVTT4OICC7DIpgTDcOGDpK2QDIvtkuj1GW7iflHr8M+F3Ln7TqjgdSfnxVRVXURCqt
na166713dOyjD/XBx71pH/b4/AJ3zg3xbO1sZTIXIDdU08B13P5Km6DX7HZ5jGWSNlO0UfbyuQDg
9PMxwS8DOs4FtN1s0BJj8Yj+PjYIStLulmYd6e7UqTOndezjEzp4pm/Yk58sKCmVZ/69aV9kPR2h
77YXmcwFyBGzx+j7PiRpqBkyK5V7CygXujxGZdBrpm2IZtBr+lwew1ToHsLhDv21o4x6JHXbVL7d
ksyg1/RRNQCO1K+hh7AXSZqeg9tuEPwc4nf7Gkcc/BKZN3NuwsDW2tmqs5/168THJ3Xqk76Ef2v3
+nuEPmDAXuuE0y6pO9kC6dZwjjKrkq/O9gkozxZzD4eEdivYdYdDw0jfo3VfXaW1vxblwHusVprv
zbOW9agZQdmYNlw88GVygWMAjjrHno2o/8J1evdIliayzsWVEefibK+dmPbzC8EvQ5r6etTa2Zrx
tfCyudYeoQ+I0y+p0foyU11jzTpBdVsnrVrr5FMraWmW3kelsreY+0gDzN6IUGdKOpvOXrCY/WVa
r1Hv8hhFCt1nV5PFRoLBRw+AA7Rr+BeGeiLq9XAd356JNUwjzsWNCq2VWmnV7dk6F6f9QizBL4M2
v/FHRwczQh+Qsi2SGoNeszGNJx+3y2PUS/LJ/h7AsmwVZNBrnnV5jCclrR2kERDuRTU1wiu76dxe
hYbi1Ls8Ru0g253poA4AmZDO+rVWoQtlyYaDpzRKxsb6vT3L5+Jw/U7wc4KNR9v0UG+XyieVUxiE
PuSfHutEUJ+JK4/hk441rNC0+YST1SAR9Jq1Lo/Rra8mLgmHvPZMlXUat7vR2lY77wUsdHmMsmwG
YAB56VA672+1LuyFe9Eq9VVPXnumRmikMQBWujyGT/b3/qX1fEzwy7Bntz8v74PPUBCW7WaDHtrx
AqEPTg98tXZN9mCdKO0Of1nvQbLK1+e0gyMmrNsZ/spk34QnAJwvcnh8bP1fZNVhaZ/JdqT3D+dI
/e52eQzZHP7KCH4OQq/fVzbt9LFOHwh8Iw9/bkl/tuklC9ndow5/1ZL22Piy4bAJAMnOYY0K3ZZA
XTG68Fcm+2bATuvrsIC7Df5pc92YLwPPrx4m9MHJngx6zbJsTuluDTXZYtfrZWLh2DHWODAlPWnj
S7K/ACSyV9Iy6xxWQ+hLi2qFJnNz3PmY4GeDpr4e7W5pHpPv3R/wa3HdUm082saBACfLlROlnQtI
EyTSs7/62V8AsqDHCnwG61CmV8SkXo47HxP8bPLYtvox955bO1v13bp71dTXwwEApOdk067QQuOg
cRCriBIHYNkiqZLAl1F2XthLW/1O8LNJx7mA1m15asy83w3bntNNz/1EHecC7HwgvUybXqeMok4L
uxpe0ylqYMzrV6iXz53LMyDnA6t8G216ubRNuEbws1HdgV3q6u3K6/foD/h17/qVesR8hR0OEPxo
HIRmsKOXFoAdoY9hnfZqdNoGE/xstuKFx/P2ve1uaVblE3dpa08nOxrInHaKgLAOABEOKTS0k/MD
dTvBL5fs95/OuyGf/oBfj/56jRb66lifD8gwFukmrCdjrR8IYOyFPoNzQ1bOx2cVmkQn09JWtxP8
sqDuwK68meVzu9mgyifuUv3hfexYwN4TPZyDBhmATOiXxP181O8Ev1z3j39Y7+j7/bp6u7S4bqnu
3raBXj7AfpzknYXhVwAyEfoMhndSvxP8HKDvfFArXnhc/oDfUdvtD/i1bstTuvrn97FMAwCkgKvx
ADKghtCXExxVvxP8smi//7SW19c4Zns3bHtOlU/cpboDu9h5AAAAWWqSMXsnCH4O1NTXI8+vHs7p
bdy006eqR76nR8xXGNYJAACQPYck1VIMGIlvUATZt/FomwLrV2rDyp+puKA4J7bJH/Cr4c0d+te9
r7IIOwAAQG5gMhcQ/Jxua0+n/vPp+/XKoy9kNfx19XbpNzu36OUPDtC7BwAAkDue5L4+EPzyxH7/
aVU+cZd+e88jmjdzrq2vvWmnT+aRd1l8HQAAIAcFvWYtpQCCXx7pOx/UQl+d7nu7SeuWrc5o7992
s0HNh/fr9Q/fo3cPAAAAIPjBbhuPtun1J+7SXVddrx8sXKrySeWjfs7Wzla99d47avvwCD17AAAA
AMEPuaDvfFD1h/ep/vA+zSqeqDl/+3eaWjpFE8ZP0IyrrkvaG7i7pVmSdKS7U6fOnNaxj0+w5h4A
AABA8EOu2+8/rf0HdkmsoQcAAACA4AcAQDyXx6iUVCSpzPoKMwb5s27rK5YZ+U3Qa5qUMABkpW4v
klSZoD6PresHrceT1PndQa/ZTfADACB3GwGG1RAwrBN/6QifbnaSn6+Nec3Ibw9JOmt9MfU6AKSv
fq+MqN/LBqmjR1O/K0n93h9Rp7dbdbxB8AMAwP7GgNs6CU/P8uZEvv4i9g4AjLhuL5JUbX0Zkgqz
uDmFEWFxthPLk+AHAHBqg6DMCntujbxHDwCQe/V7tVW3c/GM4AcAGMMNAsNqECylNAAgb+r2Iqtu
rxEX8wh+AIAx3Sgok1QvrgADQL7V726rfi+kNAh+AICx3SioVcyEKgAAx9ftlZJ8yv692QQ/AABo
FAAAMlC/14oLegQ/AAAY+gMAeVm3F0lqlENnxiT4AQCQ/tC3mZIAgLwLfaYYxUHwAwDA5THqJa2i
JAAgr+r2MoUWPmcUR5Z8nSIAAORQw8BN6AOAvKvbw8M7CX0EPwAADQOjWgzvBIB8ZIrhnQQ/AACs
IUA+SgIA8q5+ryf0EfwAAAjziSFAAJBvoc8Qw/dzBpO7OFzJOJduvfIazfj2NF1xyeWacdV1Ki4o
Hvh9V2+Xuj/q0ZHuTj1ivkKBAcjFhoFbTOsNAPnIRxEQ/DBK08YX6Eezb9Pyhe5BH1c+qVzlk8o1
b+ZcFVxwoVY28fkDkFOhr0ihtfoAAPlVv9dKKqUkcgdDPR2o5tqb1br+tSFDX6xbps+i8ADkXJUm
hngCQL6FviKrfkcOcXyP37TxBbq84KKB7z8NfqH9/tOjep6mvp4hH7+gpDSl15tVPFETXN/UwTN9
6jsfHPQxkZJtw/ML3AkDX2tnqza/8Ued6v9ETX09A+9n8iVX6I5bFqmqoko739415PsqGefSdReV
pLQtif5msMem8rjYsjgZOKOOc4FhbXcqx0Cq+w8ADQMAwLBxUY/gF229cbtW3fHAcBsKkqSg1xz0
cV29XXrz0H79695XBw0O902ZoXXLVkfdF9fa2arbXnw8YVBbUFKqhjVbon62aacv4RDKne41mjdz
riRpd0uzFvrqooLKDyrnyLNkRdRrR3r012tUf3jfwPd3llYkDH2xj5OkjnMBdZwLqKmvR/WH92na
+AL99b/ODxqEPPPvHdjeWNvNBnl3vxwXkmLLY8O25xLeSzjY42quvVlPr6gbdH+2drZq25s79PIH
B+L2S2Q5D7VPpo0v0BtrXoor88V1SwfCaKJ9nMy6LU+p7sAuvfXAL1RVUZXycRx7PABjVHUONwz2
pvn5uIcRwFjiztHt6pHUncbnK5ODhrNmNfhdXVYx7L+ZNr4gpR6g8L1tyxe65fnVw9p4tC3h45Z9
9+64EFBVUaW18+5O+X645QvdOtp7PC58RZo3c64U0dB/9Yc/HTIoPL2iTq2r79R+/2mVjHNpw8qf
pRT6EhmszFIJ4EuMxVpiLB60LIezTyMfV/DN8UM+vqqiSlUVVbpjkFAeu08Shf4fzb4tYdAucF0w
qmN5OKEPwIBs9/YdUmhB4XZJ3UGv2Z6pF3J5jC/Z3QDGAmtN1myGof6Iur1dUnvQa57N0HutlbSW
4JcB/oA/aYBZt+WpUAP+ggt17/zvRzXu1y1brY2PLU4YIpM12JcvdOvJ3X8cMmCEPXbPj9V8vD2l
UFpz7c1xr9va2aoTp09qwvgJKrqwcOD3XedCx+mtV14TF1h2tzSnFPoGs+b6+XGhzx/wq+2Dg18F
1gjeB5/RqYjesUzY3dKsd95vkSRNLZ2iJcbiQUN52aWJ65a5365UR0z5JLvPcfLEUqmnc9jb2nai
c0Tv8Uh3p4Ax3jCoVHbWdepXaDIZX9BrdrMnACDt3Fl63b2S6oNes5FdkIPBb6GvLqoXLHaI3XCG
w9Ud+Or+tX87tE/N67YOfF9cUKwFJaVxYWXutyvjAkdk0Ln1ymsG7d2KVFxQrKfuqElpe797nRH1
/XazQXdv2xAXSm+YNHkgeM69Nj6wNLzdNKrynza+QKuXPhb1s007fVGBd9aOF/XKoy9Ehc5/WbZG
TT+/L2PHxTvvt3y1Pw/s0pqeo1Hbecv0WVJE8CufVJ7wee64ZVFUMJ5VPDHpY4cKokPt1/AQ5LDY
4afhIaEABlRn4TU3SKrN1JVfAIAkybD59XokuYNe06Toczj4Zcp+/+m4EJcsGIR19Xbp5ztejPqb
udfOGjL4dfV2DYSJeTPn6r63m1IOi2Fnz/XH/azjXEAdEc9zbfm0uMe823ss4fOtuX5+0tf6qP+v
A9sXG3y7ervihrfu95/W8vqaqEBePqlcs4on2jYpSmyv2mDhrbWzdaC3tKqiKmpo8P+afnPC/QYg
74Nfv9Uo4CowAGSQNczTznu3d1j1Oxf0xmrhmmpwAAAP50lEQVTwKxnn0oyrrov62cnAmajvY4d5
vnlov/b7T0cFgiXGYk1r2jTo8M2Xm1+J6o1at2y1Xn/irkGHiB7p7owKmMsXunXFJZer4e0mvf7h
ewn/NlFISbZdsb14kXa3NA8Ev9iex2Szfjb19cQFpTl/+3fab1MP1uRLrogLd5H7OtJb770TtV8j
h3vedM2NUfs71eBXdGHhwCygkcdTKsN6ASRsGBTJ3mGeRibv3wMADKi0M/QFvWY1RZ66vFnHb0FJ
qRaUlOq+KTPU/LA3amjihm3PxTXSY3u7zCPvJgw/sY9LZMO25wb+X1xQrB9Uzhn08b9r+ZP8AX/U
z+bNnCvvg8+o59k/6fkF7rigkQmx98a1fXgk6WO7P4oeJnvZxSUZ267LLi4Z2J9rrp8fN+PnT1/5
vwP/j116IvD5Z1HBMNyrGxv0w/s77MapM5NuT1VFlRrWbIn6qr76JmoPwBkNg4cIfQBgG8Om1+lR
7s4cSvDLtHCD3PvgM1E9OcmWF4gc5ilJez/6SygQfNAy6OMS+eW/vxYV5DxLVmja+IKkj+84F9Dt
T9+vrt6uhL9fvtCthjVbtN64feBniR6bLBzubmke+IoNmJFie7wCwc+TPjY82UrYFZdcnrF9GX7/
DWu2RPVe+gN+3bt+5ZATy2x7c0dUaCsZ54oK8Ltbmgd9rwDypmGwN+g16yluALCNXUvXMLxzLAe/
RPwBf8JerNjen9bOVl13UUnCIBW+T2wwfeeDeuoPvxz4vrigWD+afdugf7Pff1pX//w+3bt+pTbt
9CUMaKvueED3TZkhSTrc1RHfcroqcS/VQl/dwFd4ds5EYsPkZYUXJ33s1NIpUd+f+Pik7fuz7YOD
AwE96WNOdKr1ZPS9j7deeY1umPLV0N83Dpr6NPgFn34ge8pseh1CHwDYxOUx7KrbDzGRyxgPfovr
lure9Su13WyICmAbVv4s7j6w2OGbsUP5YqUy3LP+8L6oIJVoofVEtvZ0amWTT5VP3KVHf70mLgCG
Z/NsPrw/7m/vnf/9uPc2HLHDNydfemXSx14xMbqH79QnfQkfV3Th6O/n3bTTp8V1S+X51cNR5TFv
5lz99p5Horc55v6/cKiO3Bczvj0takmI5uPtw5qYZndLs1weI+qLGTqBnA9+/UzmAgB5V7dLko+i
HuPBr6mvR1t7OnX3tg1Rjf7igmLdddX1UY9NZfjmSB7/T5uj70UbalbRSH3ng6o/vE8v7fp91M8n
jJ8gSXr9w/fiQmFxQbFe/eFPRxz+YodvLvxO4tlAE613eOx0KDQePNMXF6ITbU9sQPv03KdJt+vU
J31q6uvRxqNtuv3p++PKNLIHNtni75H3akaG8NbO1oSTsiRbCxBARthxjx+hD2PdbIoAeVi3U78T
/KI9u/35pMEtNsT4A36t2/JU3FdsmBlquGc4fEb2OCYzq3jiwBDO4QTD1ZvXxf28qqJKr/7wp5pV
PHH4n5ojb0V9Xz6pXM8vcMc97qk7aqK+7+rt0lZrsfO+88G4IaNr590d9X3JOJd+sHBp1M/ePXow
pW3c7z8dNVmLlFoPbOy9mmGb3/hjwp+ztANgKzum+jYpZgCwVZENr9ET9JrdFPXI5OVyDrHr24V7
ofrOB+NCw542M+GwvfnXz4sKiP8w838knCQm1s+aNmnODCNqVtFY3//O/9TyhW491NulnW/vUuDz
zySFZrOMHSL6xsGv2i4bj7Zpxk5f3GOqKqrUvG6rWjtbtevA7qjfxS5rEanjXEAbtj2nVXc8MPCz
8NIS4d7Au+beHheK/vkPz0R9H7ukxVDP4Q/49fIHB1Len7sO7I7aFzdMuU6ylmgouODCpCHcH/DH
7YfXP3xv2MfTjKuu0073moS/axjBuo0AbEHDAACo25Hvwa/jXCBu3blbr7xGG4+2xQ3bTNbzFLse
3MLvzE8p+HWcC+ipP/wybgmCSLdMD923Vz6pPCp0xWrtbI0LSCubfDrae1yP3fPjuFBTVVEVNyRz
KL/899d00zU3Rv3dvJlzkw5T3bTTN9DbF1Z3YFdcUB7sOVZvXjfoOoex9vzHn7U64vslxmJp2wZJ
0tVlFXGBbyCUvbkjKiRvNxuG9bphxQXFgw7bJfgBqXN5DMOml2IJBwCwlx31O3X7KOTtrJ6/2Rk9
ScuMb09LeK9a8/HEx8+/HdoX9X35pPKUh1PWH94XNzwxUuy9gInsbmnWbS8+njCo1B/ep+/W3asN
254bdLmGWP6AP+6+vr7zQd303E/ihrfG6urt0r3rV2plky/h72978XFt2ukb8jkW1y0ddlBKNNzz
ztKKIf8udq2+2AlyYp9zNBPlAMgtTPMNSC6PUUkpIM9Qt49CTvX4HTzTp8V1X90LNtiU+5GPSxa+
Plq/UvfOCa2F13a8Q3/9r/Nxf5dooo9w2Ih9bP/5z9V17mzUz08GziT8+/s3P6nLCy5K+Lumvh5V
PfI93TBpsi4t/Juo3wW+OKfm4+1Jtytyux8xX9Ej5iuaVTxRV10yKe65wtpOdOpk4Mygz1l3YJd+
075Ht155TdzztJ3oHHLtvL7zQa1s8ulf976a8H0N9hyNR95S2xBletuLj+vH//17urqsQp+e+3Rg
Hb6f73hR3l0vJXzerT2d2uoxkm7zo7//F01wfXPI43AwyY7R2O1KdpwAAJBBZaKHBEAuBr++88Eh
A0ZkeBrK1p5ObfXVDfvvhnpsKs/RcS4waNDqOBdQR5qGCO73nx7W8gSDlf9ohy2O5H0NVVbhbUs0
1HY07zvZ3w7nOBzucwMAYKNKMQMiAMvXKQIAAOAgRRRBygyKAADBDwCQt2ycRAb2y4f71uwafjnb
5TEIysgn1O0EPwAAopRRBHnL8QuT2zz5kJtDBtTtIPgBAOxu8Jo2vZRBaecvl8eophRSVpMj+4wA
mv/sqN9LXR6D8EfwAwBgQDVD3LKi2679mwdltdem1yl1eYzabAY+l8folrSZjwfSxE0REPwAAM7Q
b8NrFOZJOCD4JbaUNeqGZa2d5eXyGEUuj1ETEfhK2QVjgl1DmAl+BD8AgEPYNbFFfbZ7/Vweo8zl
MXzs8oxwermadr9epsOfdbzXWxcAniXwUbdnSFZ7sSOOd7fTQijBDwBgt26bXqcwW+HA5TEqrcD3
oaSlY2jf2hlmpjs8VHfb/HqFVvirSfOxXmQN5zSt432V9Vqgbs+ktdno9Y843rvlwN7sb3CMAgDy
uHGwyOUxfEGv6bapUeBW6ArwbHazLZZavbpum2fKTIf2LLxmoaRnrfBXG/SavhEe52UKDaU2JC3i
MIQkBb1mt8tj2PmSpstjGEGvmfHPknXM11j1u2MvbBD8AAB2MyWttTkclEmqzkQ4sK46u53eIEhT
w8+0ueEnK3h0W0MMfUGv2T3CfVik0BqBZda/lRH7c4ukmnQeP0Gv2Z6FsgorlbTZKjPTCqFmOJCG
36f1uSmLKJvwF0M4kcxe2Xfha6AXe6QXMYaoF4oUusDhVp5czCP4AQDslo2ejtkR4aB+tA14azkB
w2oU0AiOdkjSdJtfs9C6mLDW5TEOWSEm2T4OhxjFhLtBLx5Y/7od3EhOVm6LrK+1Ecc3RzFGU7/P
tvkY3myNtqgd7ZJB+d6bTfADANgq6DXPWo3zbIaDHZIaFerdaB+iIRDZC2SIYZypNPymZ/H1p2fo
9ZdmIPiZHE/IM6ZC93nabbakPS6P0WPV7aYkc7CLfFaPXmRPtqE8v5BH8AMAZKtxkM1wEO7liOzd
iFxXrSjL2+f0fbuUYki5rNZSDMizYzqbSq3guSqifu9R9L3lqfb05x1m9QQAZIMvB7dpdsQXoc+5
DT/HsIal9VMSyKNj+qykHTm2WaUx9fuYvReb4AcAyEbjoF2hq7DIv33bzb4dlkaKABzTIPgBAPKZ
jyKg4Qc+B8gv1gyb9GQT/AAAGFBPERBmaCSbpughBXUACH4AgDxu8J5VaH005N++bVdoWQekppYi
QJ7hwh7BDwCAuAYvQ4Jo+I31oOwTvX7Ir2O6W9IGSoLgBwBAZOOAgECYAb1+yM9jmgt7BD8AAAYC
Qi0BgTDD58D0ieGxyK9j+qykGkqC4AcAQKRqiiBvw8xeSiJlNJKRj3XADkqC4AcAQLhx0C7pIUoi
b8MMw71S+xyYkp6kJJBn3GJUB8EPAICIRm+9mOUzX0M9PVmpl1et6CVFfh3TZxUa1cEFIIIfAAAD
DQQ34S8v96uP/Tos1cq/+/16JP0du3bM1gHtkgzCH8EPAIB8D39PaoxP3EGoH1ZZnbUayflyzGyQ
VGk1/kH4y6fwd0gOGp5N8AMA5GpIyId7/nZIutIavneW/Ur4G2Ph75CkOUGvWWO9H3Bct0uqlPMv
avRLWhb0mpWSTIIfACBTxkQDyrrnb46cOSnAXqvBW22tVYjo8MfCzsMLf04LywONYmvCmtjfZRKf
t9w/rrutwOTEeqBfoR6+MmsIu6MQ/AA4Xaanie5P0HDJNju2JyeGZFllXynnDKUJBz4jwXHTPhb2
WYr7tUbSYjlryFd/lsrqrBWWnVBeqTSKM1l/9WTxQkuPw58/W/XAHDmj9y/y2K6N6cF2TN1O8APg
dPUOf/6R8GW4EbA36DUbc6hxcNYaKnmlcrPno9/ariuTBL7IYylTDfcnnTaUzjrGyuSc3ixfjpRX
LvaS9Cg0NDtRozhWbQa3ozaLZVDj8OfP1nFtWr1/y3I03B5SqPe6KNmxbf0sU5/L/nQe11/78ssv
B32Ay2MYkvbQtgQcY04O9lBllMtjVFuN6tIMNKZrc/Q9l1kN0dlpfuodkty5HCKs916j0NpQhVlu
ENRLaky1vFweo1JSY5qP1Zw9Toe5T2slLc3RTcypz0UOfQa2WMd/4zC337Dqr3R9Dvol1VrDw7O5
X9xWnZDOfdIvqcaJwwpHUYbuDJzbhlvmjZLqhzMhkctj1EtaleZzjDudkyKlEvyKFBpmA8AZ2sfq
TfRWY2JMlaMVJIrS9HTdTrsfzQr94S87GsB7rQZB42jKKo37La8+71agqbYaftOzvDl7FRpi1Zir
F9OsNlr4+F9kY4PYHM4Fj0zX2bm2f9J5LhprF3KzWBf0RBzXjaP8TKYjN53NxCy4QwY/AAAc0lCo
VGgijErra7SNhX6r4W9KMsdqAyzLDT8jYp+ms/EX3rey/j0b/tfJ+9m6EBL5ORjtxZBDVrm0W58B
lmNANo7roohjOt3Hdrh+7x4LZUnwAwDke3gos741UvgTUxq7V9kdEu7DV9RT6TE9GxHwxuR+jeh9
SqXMwiG4m9lo4aBjO7KeT6Y7/DWWj22CHwAAAADkOWb1BAAAAACCHwAAAACA4AcAAAAAIPgBAAAA
AAh+AAAAAACCHwAAAACA4AcAAAAAIPgBAAAAAMEPAAAAAEDwAwAAAAAQ/AAAAAAABD8AAAAAQKb9
f0FM5pZsjpUIAAAAAElFTkSuQmCC
" id="image20" _ngcontent-wkf-c236=""></image>
  </g>
</svg></svg-icon></span><!----></h5><eg-product-temperature-block _ngcontent-wkf-c236="" _nghost-wkf-c202=""><img _ngcontent-wkf-c202="" src="https://cstatic.transgourmet.fr/tg-ecommerce/images/picto-frais.png" alt="Frais" title="Frais" class="pictoImg ng-star-inserted"><!----><!----><!----><!----></eg-product-temperature-block></div><div _ngcontent-wkf-c236="" class="title-wrapper"><a _ngcontent-wkf-c236=""><h3 _ngcontent-wkf-c236="" class="title">Oeuf dur écalé calibre 43/53 g
bio</h3><!----></a></div><p _ngcontent-wkf-c236="" class="text"> Portion de 38 g.<br _ngcontent-wkf-c236="" class="ng-star-inserted"><!----> Colis de 72 portions.<br _ngcontent-wkf-c236="" class="ng-star-inserted"><!----><!----><!----><!----></p><footer _ngcontent-wkf-c236=""><eg-gabarit-price _ngcontent-wkf-c236="" _nghost-wkf-c235="" class="ng-star-inserted"><div _ngcontent-wkf-c235="" class="price"> 24,39€ <!----></div><div _ngcontent-wkf-c235="" class="extra-wrapper"><div _ngcontent-wkf-c235="" class="extra"><div _ngcontent-wkf-c235=""><strong _ngcontent-wkf-c235=""><eg-product-trade-prices _ngcontent-wkf-c235="" _nghost-wkf-c155=""><div _ngcontent-wkf-c155="" class="prices-unity">Soit 8,91€ / kg </div><!----><div _ngcontent-wkf-c155="" class="prices-unity prices-other ng-star-inserted">Soit 0,34€ / portions </div><!----><!----></eg-product-trade-prices></strong> Code : 301710<br _ngcontent-wkf-c235=""></div></div><button _ngcontent-wkf-c235="" type="button" class="btn btn__icon__basic"><svg _ngcontent-wkf-c235="" xmlns="http://www.w3.org/2000/svg" viewBox="0 0 19 17.08" width="37" height="34"><path _ngcontent-wkf-c235="" d="M14.25,17.08a1.88,1.88,0,1,1,1.88-1.88A1.88,1.88,0,0,1,14.25,17.08Zm0-3.05a1.18,1.18,0,1,0,1.18,1.18A1.18,1.18,0,0,0,14.25,14Z"></path><path _ngcontent-wkf-c235="" d="M6.65,17.08A1.88,1.88,0,1,1,8.53,15.2,1.88,1.88,0,0,1,6.65,17.08Zm0-3.05A1.18,1.18,0,1,0,7.83,15.2,1.18,1.18,0,0,0,6.65,14Z"></path><path _ngcontent-wkf-c235="" d="M16.7,8.49,5.15,10,3.72,3H18Zm2.22-6a.41.41,0,0,0-.32-.15h-15l-.4-2c0-.15-.24-.31-.4-.31H.4A.37.37,0,0,0,0,.39.37.37,0,0,0,.4.77H2.45l1.9,9.42A2.77,2.77,0,0,0,7,12.35h9.1a.39.39,0,1,0,0-.77h-9a1.84,1.84,0,0,1-1.58-.85L17.1,9.19a.34.34,0,0,0,.32-.31L19,2.7A.37.37,0,0,0,18.92,2.47Z"></path></svg></button></div></eg-gabarit-price><!----></footer></div></div><!----></div><!----><!----><!----><!----><!----><!----></eg-gabarit-basic><!----><!----><eg-gabarit-basic _ngcontent-wkf-c237="" _nghost-wkf-c236="" id="masonry-item-2" class="ng-star-inserted"><div _ngcontent-wkf-c236="" ngxmasonryitem="" class="Beurre Crèmerie gabarit gabarit__xs gabarit__xs__1 grid-item Œufs ng-star-inserted" style="position: absolute; left: 0px; top: 394.594px; opacity: 1; transition-property: opacity, transform; transition-duration: 0.4s; transition-delay: 0ms;"><div _ngcontent-wkf-c236="" class="wrapper ng-star-inserted"><!----><header _ngcontent-wkf-c236="" class="header"><img _ngcontent-wkf-c236="" class="hidded" src="https://cstatic.transgourmet.fr/tg-ecommerce/images/products/detail/213016.jpg"><a _ngcontent-wkf-c236=""><img _ngcontent-wkf-c236="" class="visuel ng-star-inserted" src="https://cstatic.transgourmet.fr/tg-ecommerce/images/products/detail/213016.jpg"><!----><!----><!----></a><eg-product-info-pictos _ngcontent-wkf-c236="" _nghost-wkf-c203=""><div _ngcontent-wkf-c203="" id="infos-special-pictos"><img _ngcontent-wkf-c203="" alt="veggie" src="assets/images/picto-veggie-web-blanc.png" class="ng-star-inserted"><!----><!----></div></eg-product-info-pictos></header><div _ngcontent-wkf-c236="" class="body"><eg-products-info-top-cartouche _ngcontent-wkf-c236="" _nghost-wkf-c199="" class="ng-star-inserted"><div _ngcontent-wkf-c199="" id="infos-top" class="d-flex justify-content-end infos-top infos-top-body infos-top-cartouche ng-star-inserted"><div _ngcontent-wkf-c199="" id="infos-top__stripe" class="d-flex align-items-center justify-content-center infos-top__stripe"><img _ngcontent-wkf-c199="" src="assets/images/cartouche/promo.png"></div></div><!----></eg-products-info-top-cartouche><!----><div _ngcontent-wkf-c236="" class="labels"><div _ngcontent-wkf-c236="" class="labels-container"></div><eg-products-info-top-fide _ngcontent-wkf-c236="" _nghost-wkf-c200=""><!----></eg-products-info-top-fide></div><div _ngcontent-wkf-c236="" id="category"><h5 _ngcontent-wkf-c236="" class="category"><span _ngcontent-wkf-c236="" class="txt ng-star-inserted">TGT QUALITY</span><!----><!----></h5><eg-product-temperature-block _ngcontent-wkf-c236="" _nghost-wkf-c202=""><!----><img _ngcontent-wkf-c202="" src="https://cstatic.transgourmet.fr/tg-ecommerce/images/picto-surgele.png" class="pictoImg ng-star-inserted" alt="Surgelé" title="Surgelé"><!----><!----><!----></eg-product-temperature-block></div><div _ngcontent-wkf-c236="" class="title-wrapper"><a _ngcontent-wkf-c236=""><h3 _ngcontent-wkf-c236="" class="title">Mozzarella tranchée iqf
pièce de 13 g</h3><!----></a></div><p _ngcontent-wkf-c236="" class="text"> Par barquette de 800 g.<br _ngcontent-wkf-c236="" class="ng-star-inserted"><!----> Colis de 8 barquettes.<br _ngcontent-wkf-c236="" class="ng-star-inserted"><!----><!----><!----><!----></p><footer _ngcontent-wkf-c236=""><eg-gabarit-price _ngcontent-wkf-c236="" _nghost-wkf-c235="" class="ng-star-inserted"><div _ngcontent-wkf-c235="" class="price"> 8,60€ <!----></div><div _ngcontent-wkf-c235="" class="extra-wrapper"><div _ngcontent-wkf-c235="" class="extra"><div _ngcontent-wkf-c235=""><strong _ngcontent-wkf-c235=""><eg-product-trade-prices _ngcontent-wkf-c235="" _nghost-wkf-c155=""><div _ngcontent-wkf-c155="" class="prices-unity">Soit 10,75€ / kg </div><!----><!----><!----></eg-product-trade-prices></strong> Code : 301518<br _ngcontent-wkf-c235=""></div></div><button _ngcontent-wkf-c235="" type="button" class="btn btn__icon__basic"><svg _ngcontent-wkf-c235="" xmlns="http://www.w3.org/2000/svg" viewBox="0 0 19 17.08" width="37" height="34"><path _ngcontent-wkf-c235="" d="M14.25,17.08a1.88,1.88,0,1,1,1.88-1.88A1.88,1.88,0,0,1,14.25,17.08Zm0-3.05a1.18,1.18,0,1,0,1.18,1.18A1.18,1.18,0,0,0,14.25,14Z"></path><path _ngcontent-wkf-c235="" d="M6.65,17.08A1.88,1.88,0,1,1,8.53,15.2,1.88,1.88,0,0,1,6.65,17.08Zm0-3.05A1.18,1.18,0,1,0,7.83,15.2,1.18,1.18,0,0,0,6.65,14Z"></path><path _ngcontent-wkf-c235="" d="M16.7,8.49,5.15,10,3.72,3H18Zm2.22-6a.41.41,0,0,0-.32-.15h-15l-.4-2c0-.15-.24-.31-.4-.31H.4A.37.37,0,0,0,0,.39.37.37,0,0,0,.4.77H2.45l1.9,9.42A2.77,2.77,0,0,0,7,12.35h9.1a.39.39,0,1,0,0-.77h-9a1.84,1.84,0,0,1-1.58-.85L17.1,9.19a.34.34,0,0,0,.32-.31L19,2.7A.37.37,0,0,0,18.92,2.47Z"></path></svg></button></div></eg-gabarit-price><!----></footer></div></div><!----></div><!----><!----><!----><!----><!----><!----></eg-gabarit-basic><!----><!----><eg-gabarit-basic _ngcontent-wkf-c237="" _nghost-wkf-c236="" id="masonry-item-3" class="ng-star-inserted"><div _ngcontent-wkf-c236="" ngxmasonryitem="" class="Beurre Crèmerie gabarit gabarit__xs gabarit__xs__1 grid-item Œufs ng-star-inserted" style="position: absolute; left: 201px; top: 366.219px; opacity: 1; transition-property: opacity, transform; transition-duration: 0.4s; transition-delay: 0ms;"><div _ngcontent-wkf-c236="" class="wrapper ng-star-inserted"><!----><header _ngcontent-wkf-c236="" class="header"><img _ngcontent-wkf-c236="" class="hidded" src="https://cstatic.transgourmet.fr/tg-ecommerce/images/products/detail/228639.jpg"><a _ngcontent-wkf-c236=""><img _ngcontent-wkf-c236="" class="visuel ng-star-inserted" src="https://cstatic.transgourmet.fr/tg-ecommerce/images/products/detail/228639.jpg"><!----><!----><!----></a><eg-product-info-pictos _ngcontent-wkf-c236="" _nghost-wkf-c203=""><div _ngcontent-wkf-c203="" id="infos-special-pictos"><img _ngcontent-wkf-c203="" alt="veggie" src="assets/images/picto-veggie-web-blanc.png" class="ng-star-inserted"><!----><!----></div></eg-product-info-pictos></header><div _ngcontent-wkf-c236="" class="body"><eg-products-info-top-cartouche _ngcontent-wkf-c236="" _nghost-wkf-c199="" class="ng-star-inserted"><div _ngcontent-wkf-c199="" id="infos-top" class="d-flex justify-content-end infos-top infos-top-body infos-top-cartouche ng-star-inserted"><div _ngcontent-wkf-c199="" id="infos-top__stripe" class="d-flex align-items-center justify-content-center infos-top__stripe"><img _ngcontent-wkf-c199="" src="assets/images/cartouche/promo.png"></div></div><!----></eg-products-info-top-cartouche><!----><div _ngcontent-wkf-c236="" class="labels"><div _ngcontent-wkf-c236="" class="labels-container"></div><eg-products-info-top-fide _ngcontent-wkf-c236="" _nghost-wkf-c200=""><!----></eg-products-info-top-fide></div><div _ngcontent-wkf-c236="" id="category"><h5 _ngcontent-wkf-c236="" class="category"><span _ngcontent-wkf-c236="" class="txt ng-star-inserted">PRESIDENT PRO</span><!----><!----></h5><eg-product-temperature-block _ngcontent-wkf-c236="" _nghost-wkf-c202=""><img _ngcontent-wkf-c202="" src="https://cstatic.transgourmet.fr/tg-ecommerce/images/picto-frais.png" alt="Frais" title="Frais" class="pictoImg ng-star-inserted"><!----><!----><!----><!----></eg-product-temperature-block></div><div _ngcontent-wkf-c236="" class="title-wrapper"><a _ngcontent-wkf-c236=""><h3 _ngcontent-wkf-c236="" class="title">Crème liquide supérieure
gastronomique uht 35% m.g.</h3><!----></a></div><p _ngcontent-wkf-c236="" class="text"> Brick de 1 litre.<br _ngcontent-wkf-c236="" class="ng-star-inserted"><!----> Colis de 6 bricks.<br _ngcontent-wkf-c236="" class="ng-star-inserted"><!----><!----><!----><!----></p><footer _ngcontent-wkf-c236=""><eg-gabarit-price _ngcontent-wkf-c236="" _nghost-wkf-c235="" class="ng-star-inserted"><div _ngcontent-wkf-c235="" class="price"> 29,94€ <!----></div><div _ngcontent-wkf-c235="" class="extra-wrapper"><div _ngcontent-wkf-c235="" class="extra"><div _ngcontent-wkf-c235=""><strong _ngcontent-wkf-c235=""><eg-product-trade-prices _ngcontent-wkf-c235="" _nghost-wkf-c155=""><div _ngcontent-wkf-c155="" class="prices-unity">Soit 4,99€ / L </div><div _ngcontent-wkf-c155="" class="prices-unity prices-other ng-star-inserted">Soit 4,99€ / brick
</div><!----><!----><!----></eg-product-trade-prices></strong> Code : 249427<br _ngcontent-wkf-c235=""></div></div><button _ngcontent-wkf-c235="" type="button" class="btn btn__icon__basic"><svg _ngcontent-wkf-c235="" xmlns="http://www.w3.org/2000/svg" viewBox="0 0 19 17.08" width="37" height="34"><path _ngcontent-wkf-c235="" d="M14.25,17.08a1.88,1.88,0,1,1,1.88-1.88A1.88,1.88,0,0,1,14.25,17.08Zm0-3.05a1.18,1.18,0,1,0,1.18,1.18A1.18,1.18,0,0,0,14.25,14Z"></path><path _ngcontent-wkf-c235="" d="M6.65,17.08A1.88,1.88,0,1,1,8.53,15.2,1.88,1.88,0,0,1,6.65,17.08Zm0-3.05A1.18,1.18,0,1,0,7.83,15.2,1.18,1.18,0,0,0,6.65,14Z"></path><path _ngcontent-wkf-c235="" d="M16.7,8.49,5.15,10,3.72,3H18Zm2.22-6a.41.41,0,0,0-.32-.15h-15l-.4-2c0-.15-.24-.31-.4-.31H.4A.37.37,0,0,0,0,.39.37.37,0,0,0,.4.77H2.45l1.9,9.42A2.77,2.77,0,0,0,7,12.35h9.1a.39.39,0,1,0,0-.77h-9a1.84,1.84,0,0,1-1.58-.85L17.1,9.19a.34.34,0,0,0,.32-.31L19,2.7A.37.37,0,0,0,18.92,2.47Z"></path></svg></button></div></eg-gabarit-price><!----></footer></div></div><!----></div><!----><!----><!----><!----><!----><!----></eg-gabarit-basic><!----><!----><eg-gabarit-basic _ngcontent-wkf-c237="" _nghost-wkf-c236="" id="masonry-item-4" class="ng-star-inserted"><div _ngcontent-wkf-c236="" ngxmasonryitem="" class="Beurre Crèmerie gabarit gabarit__xs gabarit__xs__1 grid-item Œufs ng-star-inserted" style="position: absolute; left: 0px; top: 760.813px; opacity: 1; transition-property: opacity, transform; transition-duration: 0.4s; transition-delay: 0ms;"><div _ngcontent-wkf-c236="" class="wrapper ng-star-inserted"><eg-gabarit-cartouche _ngcontent-wkf-c236="" _nghost-wkf-c234="" class="ng-star-inserted"><div _ngcontent-wkf-c234="" class="top-bar top-bar__web ng-star-inserted"><div _ngcontent-wkf-c234="" class="editable-container"><div _ngcontent-wkf-c234="" class="editable-bg"><span _ngcontent-wkf-c234="" class="editable-overlay">Modifier le cartouche</span></div></div><div _ngcontent-wkf-c234="" class="bg-red ng-star-inserted"><div _ngcontent-wkf-c234="" class="top-bar--content"> prix<strong _ngcontent-wkf-c234="">exclu</strong>web </div></div><!----><!----><!----><div _ngcontent-wkf-c234="" class="top-bar--price"><div _ngcontent-wkf-c234="" class="d-inline-flex flex-middle"><div _ngcontent-wkf-c234="" class="unit">17</div><div _ngcontent-wkf-c234="" class="currency">€<br _ngcontent-wkf-c234="">5</div></div><div _ngcontent-wkf-c234="" class="quantify">Par bouteilles</div></div></div><!----></eg-gabarit-cartouche><!----><header _ngcontent-wkf-c236="" class="header"><img _ngcontent-wkf-c236="" class="hidded" src="https://cstatic.transgourmet.fr/tg-ecommerce/images/products/detail/253207.jpg"><a _ngcontent-wkf-c236=""><img _ngcontent-wkf-c236="" class="visuel ng-star-inserted" src="https://cstatic.transgourmet.fr/tg-ecommerce/images/products/detail/253207.jpg"><!----><!----><!----></a><eg-product-info-pictos _ngcontent-wkf-c236="" _nghost-wkf-c203=""><div _ngcontent-wkf-c203="" id="infos-special-pictos"><img _ngcontent-wkf-c203="" alt="veggie" src="assets/images/picto-veggie-web-blanc.png" class="ng-star-inserted"><!----><!----></div></eg-product-info-pictos></header><div _ngcontent-wkf-c236="" class="body"><!----><div _ngcontent-wkf-c236="" class="labels"><div _ngcontent-wkf-c236="" class="labels-container"></div><eg-products-info-top-fide _ngcontent-wkf-c236="" _nghost-wkf-c200=""><!----></eg-products-info-top-fide></div><div _ngcontent-wkf-c236="" id="category"><h5 _ngcontent-wkf-c236="" class="category"><span _ngcontent-wkf-c236="" class="txt ng-star-inserted">DEBIC</span><!----><!----></h5><eg-product-temperature-block _ngcontent-wkf-c236="" _nghost-wkf-c202=""><img _ngcontent-wkf-c202="" src="https://cstatic.transgourmet.fr/tg-ecommerce/images/picto-frais.png" alt="Frais" title="Frais" class="pictoImg ng-star-inserted"><!----><!----><!----><!----></eg-product-temperature-block></div><div _ngcontent-wkf-c236="" class="title-wrapper"><a _ngcontent-wkf-c236=""><h3 _ngcontent-wkf-c236="" class="title">Crème tenue et foisonnement
UHT 35 %</h3><!----></a></div><p _ngcontent-wkf-c236="" class="text"> Par bouteille de 4.98 kg.<br _ngcontent-wkf-c236="" class="ng-star-inserted"><!----> Colis de 3 bouteilles.<br _ngcontent-wkf-c236="" class="ng-star-inserted"><!----><!----><!----><!----></p><footer _ngcontent-wkf-c236=""><eg-gabarit-price _ngcontent-wkf-c236="" _nghost-wkf-c235="" class="ng-star-inserted"><div _ngcontent-wkf-c235="" class="price"> 17,50€ <!----></div><div _ngcontent-wkf-c235="" class="extra-wrapper"><div _ngcontent-wkf-c235="" class="extra"><div _ngcontent-wkf-c235=""><strong _ngcontent-wkf-c235=""><eg-product-trade-prices _ngcontent-wkf-c235="" _nghost-wkf-c155=""><div _ngcontent-wkf-c155="" class="prices-unity">Soit 3,51€ / kg </div><!----><!----><!----></eg-product-trade-prices></strong> Code : 247705<br _ngcontent-wkf-c235=""></div></div><button _ngcontent-wkf-c235="" type="button" class="btn btn__icon__basic"><svg _ngcontent-wkf-c235="" xmlns="http://www.w3.org/2000/svg" viewBox="0 0 19 17.08" width="37" height="34"><path _ngcontent-wkf-c235="" d="M14.25,17.08a1.88,1.88,0,1,1,1.88-1.88A1.88,1.88,0,0,1,14.25,17.08Zm0-3.05a1.18,1.18,0,1,0,1.18,1.18A1.18,1.18,0,0,0,14.25,14Z"></path><path _ngcontent-wkf-c235="" d="M6.65,17.08A1.88,1.88,0,1,1,8.53,15.2,1.88,1.88,0,0,1,6.65,17.08Zm0-3.05A1.18,1.18,0,1,0,7.83,15.2,1.18,1.18,0,0,0,6.65,14Z"></path><path _ngcontent-wkf-c235="" d="M16.7,8.49,5.15,10,3.72,3H18Zm2.22-6a.41.41,0,0,0-.32-.15h-15l-.4-2c0-.15-.24-.31-.4-.31H.4A.37.37,0,0,0,0,.39.37.37,0,0,0,.4.77H2.45l1.9,9.42A2.77,2.77,0,0,0,7,12.35h9.1a.39.39,0,1,0,0-.77h-9a1.84,1.84,0,0,1-1.58-.85L17.1,9.19a.34.34,0,0,0,.32-.31L19,2.7A.37.37,0,0,0,18.92,2.47Z"></path></svg></button></div></eg-gabarit-price><!----></footer></div></div><!----></div><!----><!----><!----><!----><!----><!----></eg-gabarit-basic><!----><!----><eg-gabarit-basic _ngcontent-wkf-c237="" _nghost-wkf-c236="" id="masonry-item-5" class="ng-star-inserted"><div _ngcontent-wkf-c236="" ngxmasonryitem="" class="Beurre Crèmerie gabarit gabarit__xs gabarit__xs__1 grid-item Œufs ng-star-inserted" style="position: absolute; left: 201px; top: 760.438px; opacity: 1; transition-property: opacity, transform; transition-duration: 0.4s; transition-delay: 0ms;"><div _ngcontent-wkf-c236="" class="wrapper ng-star-inserted"><!----><header _ngcontent-wkf-c236="" class="header"><img _ngcontent-wkf-c236="" class="hidded" src="https://cstatic.transgourmet.fr/tg-ecommerce/images/products/detail/201271.jpg"><a _ngcontent-wkf-c236=""><img _ngcontent-wkf-c236="" class="visuel ng-star-inserted" src="https://cstatic.transgourmet.fr/tg-ecommerce/images/products/detail/201271.jpg"><!----><!----><!----></a><eg-product-info-pictos _ngcontent-wkf-c236="" _nghost-wkf-c203=""><div _ngcontent-wkf-c203="" id="infos-special-pictos"><img _ngcontent-wkf-c203="" alt="veggie" src="assets/images/picto-veggie-web-blanc.png" class="ng-star-inserted"><!----><!----></div></eg-product-info-pictos></header><div _ngcontent-wkf-c236="" class="body"><eg-products-info-top-cartouche _ngcontent-wkf-c236="" _nghost-wkf-c199="" class="ng-star-inserted"><!----></eg-products-info-top-cartouche><!----><div _ngcontent-wkf-c236="" class="labels"><div _ngcontent-wkf-c236="" class="labels-container"></div><eg-products-info-top-fide _ngcontent-wkf-c236="" _nghost-wkf-c200=""><!----></eg-products-info-top-fide></div><div _ngcontent-wkf-c236="" id="category"><h5 _ngcontent-wkf-c236="" class="category"><span _ngcontent-wkf-c236="" class="txt ng-star-inserted">SERVIS OEUF</span><!----><!----></h5><eg-product-temperature-block _ngcontent-wkf-c236="" _nghost-wkf-c202=""><img _ngcontent-wkf-c202="" src="https://cstatic.transgourmet.fr/tg-ecommerce/images/picto-frais.png" alt="Frais" title="Frais" class="pictoImg ng-star-inserted"><!----><!----><!----><!----></eg-product-temperature-block></div><div _ngcontent-wkf-c236="" class="title-wrapper"><a _ngcontent-wkf-c236=""><h3 _ngcontent-wkf-c236="" class="title">Oeuf entier sol pasteurisé</h3><h3 _ngcontent-wkf-c236="" class="title ng-star-inserted"> brick 1 litre </h3><!----></a></div><p _ngcontent-wkf-c236="" class="text"> Brick de 1 kg.<br _ngcontent-wkf-c236="" class="ng-star-inserted"><!----> Colis de 8 bricks.<br _ngcontent-wkf-c236="" class="ng-star-inserted"><!----><!----><!----><!----></p><footer _ngcontent-wkf-c236=""><eg-gabarit-price _ngcontent-wkf-c236="" _nghost-wkf-c235="" class="ng-star-inserted"><div _ngcontent-wkf-c235="" class="price"> 47,36€ <!----></div><div _ngcontent-wkf-c235="" class="extra-wrapper"><div _ngcontent-wkf-c235="" class="extra"><div _ngcontent-wkf-c235=""><strong _ngcontent-wkf-c235=""><eg-product-trade-prices _ngcontent-wkf-c235="" _nghost-wkf-c155=""><div _ngcontent-wkf-c155="" class="prices-unity">Soit 5,92€ / kg </div><div _ngcontent-wkf-c155="" class="prices-unity prices-other ng-star-inserted">Soit 5,92€ / brick
</div><!----><!----><!----></eg-product-trade-prices></strong> Code : 228644<br _ngcontent-wkf-c235=""></div></div><button _ngcontent-wkf-c235="" type="button" class="btn btn__icon__basic"><svg _ngcontent-wkf-c235="" xmlns="http://www.w3.org/2000/svg" viewBox="0 0 19 17.08" width="37" height="34"><path _ngcontent-wkf-c235="" d="M14.25,17.08a1.88,1.88,0,1,1,1.88-1.88A1.88,1.88,0,0,1,14.25,17.08Zm0-3.05a1.18,1.18,0,1,0,1.18,1.18A1.18,1.18,0,0,0,14.25,14Z"></path><path _ngcontent-wkf-c235="" d="M6.65,17.08A1.88,1.88,0,1,1,8.53,15.2,1.88,1.88,0,0,1,6.65,17.08Zm0-3.05A1.18,1.18,0,1,0,7.83,15.2,1.18,1.18,0,0,0,6.65,14Z"></path><path _ngcontent-wkf-c235="" d="M16.7,8.49,5.15,10,3.72,3H18Zm2.22-6a.41.41,0,0,0-.32-.15h-15l-.4-2c0-.15-.24-.31-.4-.31H.4A.37.37,0,0,0,0,.39.37.37,0,0,0,.4.77H2.45l1.9,9.42A2.77,2.77,0,0,0,7,12.35h9.1a.39.39,0,1,0,0-.77h-9a1.84,1.84,0,0,1-1.58-.85L17.1,9.19a.34.34,0,0,0,.32-.31L19,2.7A.37.37,0,0,0,18.92,2.47Z"></path></svg></button></div></eg-gabarit-price><!----></footer></div></div><!----></div><!----><!----><!----><!----><!----><!----></eg-gabarit-basic><!----><!----><eg-gabarit-basic _ngcontent-wkf-c237="" _nghost-wkf-c236="" id="masonry-item-6" class="ng-star-inserted"><div _ngcontent-wkf-c236="" ngxmasonryitem="" class="Beurre Crèmerie gabarit gabarit__xs gabarit__xs__1 grid-item Œufs ng-star-inserted" style="position: absolute; left: 0px; top: 1237.67px; opacity: 1; transition-property: opacity, transform; transition-duration: 0.4s; transition-delay: 0ms;"><div _ngcontent-wkf-c236="" class="wrapper ng-star-inserted"><!----><header _ngcontent-wkf-c236="" class="header"><img _ngcontent-wkf-c236="" class="hidded" src="https://cstatic.transgourmet.fr/tg-ecommerce/images/illusVisuelNonDispo-detail.png"><a _ngcontent-wkf-c236=""><img _ngcontent-wkf-c236="" class="visuel ng-star-inserted" src="https://cstatic.transgourmet.fr/tg-ecommerce/images/illusVisuelNonDispo-detail.png"><!----><!----><!----></a><eg-product-info-pictos _ngcontent-wkf-c236="" _nghost-wkf-c203=""><div _ngcontent-wkf-c203="" id="infos-special-pictos"><img _ngcontent-wkf-c203="" alt="veggie" src="assets/images/picto-veggie-web-blanc.png" class="ng-star-inserted"><!----><!----></div></eg-product-info-pictos></header><div _ngcontent-wkf-c236="" class="body"><eg-products-info-top-cartouche _ngcontent-wkf-c236="" _nghost-wkf-c199="" class="ng-star-inserted"><!----></eg-products-info-top-cartouche><!----><div _ngcontent-wkf-c236="" class="labels"><div _ngcontent-wkf-c236="" class="labels-container"></div><eg-products-info-top-fide _ngcontent-wkf-c236="" _nghost-wkf-c200=""><!----></eg-products-info-top-fide></div><div _ngcontent-wkf-c236="" id="category"><h5 _ngcontent-wkf-c236="" class="category"><span _ngcontent-wkf-c236="" class="txt ng-star-inserted">PRESIDENT</span><!----><!----></h5><eg-product-temperature-block _ngcontent-wkf-c236="" _nghost-wkf-c202=""><img _ngcontent-wkf-c202="" src="https://cstatic.transgourmet.fr/tg-ecommerce/images/picto-frais.png" alt="Frais" title="Frais" class="pictoImg ng-star-inserted"><!----><!----><!----><!----></eg-product-temperature-block></div><div _ngcontent-wkf-c236="" class="title-wrapper"><a _ngcontent-wkf-c236=""><h3 _ngcontent-wkf-c236="" class="title">Beurre doux 82%</h3><!----></a></div><p _ngcontent-wkf-c236="" class="text"> Par colis de 10 kg.<br _ngcontent-wkf-c236="" class="ng-star-inserted"><!----><!----><!----><!----></p><footer _ngcontent-wkf-c236=""><eg-gabarit-price _ngcontent-wkf-c236="" _nghost-wkf-c235="" class="ng-star-inserted"><div _ngcontent-wkf-c235="" class="price"> 104,66€ <!----></div><div _ngcontent-wkf-c235="" class="extra-wrapper"><div _ngcontent-wkf-c235="" class="extra"><div _ngcontent-wkf-c235=""><strong _ngcontent-wkf-c235=""><eg-product-trade-prices _ngcontent-wkf-c235="" _nghost-wkf-c155=""><div _ngcontent-wkf-c155="" class="prices-unity">Soit 10,47€ / kg </div><!----><!----><!----></eg-product-trade-prices></strong> Code : 222178<br _ngcontent-wkf-c235=""></div></div><button _ngcontent-wkf-c235="" type="button" class="btn btn__icon__basic"><svg _ngcontent-wkf-c235="" xmlns="http://www.w3.org/2000/svg" viewBox="0 0 19 17.08" width="37" height="34"><path _ngcontent-wkf-c235="" d="M14.25,17.08a1.88,1.88,0,1,1,1.88-1.88A1.88,1.88,0,0,1,14.25,17.08Zm0-3.05a1.18,1.18,0,1,0,1.18,1.18A1.18,1.18,0,0,0,14.25,14Z"></path><path _ngcontent-wkf-c235="" d="M6.65,17.08A1.88,1.88,0,1,1,8.53,15.2,1.88,1.88,0,0,1,6.65,17.08Zm0-3.05A1.18,1.18,0,1,0,7.83,15.2,1.18,1.18,0,0,0,6.65,14Z"></path><path _ngcontent-wkf-c235="" d="M16.7,8.49,5.15,10,3.72,3H18Zm2.22-6a.41.41,0,0,0-.32-.15h-15l-.4-2c0-.15-.24-.31-.4-.31H.4A.37.37,0,0,0,0,.39.37.37,0,0,0,.4.77H2.45l1.9,9.42A2.77,2.77,0,0,0,7,12.35h9.1a.39.39,0,1,0,0-.77h-9a1.84,1.84,0,0,1-1.58-.85L17.1,9.19a.34.34,0,0,0,.32-.31L19,2.7A.37.37,0,0,0,18.92,2.47Z"></path></svg></button></div></eg-gabarit-price><!----></footer></div></div><!----></div><!----><!----><!----><!----><!----><!----></eg-gabarit-basic><!----><!----><eg-gabarit-basic _ngcontent-wkf-c237="" _nghost-wkf-c236="" id="masonry-item-7" class="ng-star-inserted"><div _ngcontent-wkf-c236="" ngxmasonryitem="" class="Beurre Crèmerie gabarit gabarit__xs gabarit__xs__1 grid-item Œufs ng-star-inserted" style="position: absolute; left: 201px; top: 1145.66px; opacity: 1; transition-property: opacity, transform; transition-duration: 0.4s; transition-delay: 0ms;"><div _ngcontent-wkf-c236="" class="wrapper ng-star-inserted"><!----><header _ngcontent-wkf-c236="" class="header"><img _ngcontent-wkf-c236="" class="hidded" src="https://cstatic.transgourmet.fr/tg-ecommerce/images/products/detail/230075.jpg"><a _ngcontent-wkf-c236=""><img _ngcontent-wkf-c236="" class="visuel ng-star-inserted" src="https://cstatic.transgourmet.fr/tg-ecommerce/images/products/detail/230075.jpg"><!----><!----><!----></a><eg-product-info-pictos _ngcontent-wkf-c236="" _nghost-wkf-c203=""><div _ngcontent-wkf-c203="" id="infos-special-pictos"><img _ngcontent-wkf-c203="" alt="veggie" src="assets/images/picto-veggie-web-blanc.png" class="ng-star-inserted"><!----><!----></div></eg-product-info-pictos></header><div _ngcontent-wkf-c236="" class="body"><eg-products-info-top-cartouche _ngcontent-wkf-c236="" _nghost-wkf-c199="" class="ng-star-inserted"><div _ngcontent-wkf-c199="" id="infos-top" class="d-flex justify-content-end infos-top infos-top-body infos-top-cartouche ng-star-inserted"><div _ngcontent-wkf-c199="" id="infos-top__stripe" class="d-flex align-items-center justify-content-center infos-top__stripe"><img _ngcontent-wkf-c199="" src="assets/images/cartouche/promo.png"></div></div><!----></eg-products-info-top-cartouche><!----><div _ngcontent-wkf-c236="" class="labels"><div _ngcontent-wkf-c236="" class="labels-container"></div><eg-products-info-top-fide _ngcontent-wkf-c236="" _nghost-wkf-c200=""><!----></eg-products-info-top-fide></div><div _ngcontent-wkf-c236="" id="category"><h5 _ngcontent-wkf-c236="" class="category"><span _ngcontent-wkf-c236="" class="txt ng-star-inserted">KRAFT</span><!----><!----></h5><eg-product-temperature-block _ngcontent-wkf-c236="" _nghost-wkf-c202=""><img _ngcontent-wkf-c202="" src="https://cstatic.transgourmet.fr/tg-ecommerce/images/picto-frais.png" alt="Frais" title="Frais" class="pictoImg ng-star-inserted"><!----><!----><!----><!----></eg-product-temperature-block></div><div _ngcontent-wkf-c236="" class="title-wrapper"><a _ngcontent-wkf-c236=""><h3 _ngcontent-wkf-c236="" class="title">Philadelphia cream cheese
21% m.g.</h3><!----></a></div><p _ngcontent-wkf-c236="" class="text"> Par pot de 1.65 kg.<br _ngcontent-wkf-c236="" class="ng-star-inserted"><!----> Colis de 4 pots.<br _ngcontent-wkf-c236="" class="ng-star-inserted"><!----><!----><!----><!----></p><footer _ngcontent-wkf-c236=""><eg-gabarit-price _ngcontent-wkf-c236="" _nghost-wkf-c235="" class="ng-star-inserted"><div _ngcontent-wkf-c235="" class="price"> 17,50€ <!----></div><div _ngcontent-wkf-c235="" class="extra-wrapper"><div _ngcontent-wkf-c235="" class="extra"><div _ngcontent-wkf-c235=""><strong _ngcontent-wkf-c235=""><eg-product-trade-prices _ngcontent-wkf-c235="" _nghost-wkf-c155=""><div _ngcontent-wkf-c155="" class="prices-unity">Soit 10,61€ / kg </div><!----><!----><!----></eg-product-trade-prices></strong> Code : 212775<br _ngcontent-wkf-c235=""></div></div><button _ngcontent-wkf-c235="" type="button" class="btn btn__icon__basic"><svg _ngcontent-wkf-c235="" xmlns="http://www.w3.org/2000/svg" viewBox="0 0 19 17.08" width="37" height="34"><path _ngcontent-wkf-c235="" d="M14.25,17.08a1.88,1.88,0,1,1,1.88-1.88A1.88,1.88,0,0,1,14.25,17.08Zm0-3.05a1.18,1.18,0,1,0,1.18,1.18A1.18,1.18,0,0,0,14.25,14Z"></path><path _ngcontent-wkf-c235="" d="M6.65,17.08A1.88,1.88,0,1,1,8.53,15.2,1.88,1.88,0,0,1,6.65,17.08Zm0-3.05A1.18,1.18,0,1,0,7.83,15.2,1.18,1.18,0,0,0,6.65,14Z"></path><path _ngcontent-wkf-c235="" d="M16.7,8.49,5.15,10,3.72,3H18Zm2.22-6a.41.41,0,0,0-.32-.15h-15l-.4-2c0-.15-.24-.31-.4-.31H.4A.37.37,0,0,0,0,.39.37.37,0,0,0,.4.77H2.45l1.9,9.42A2.77,2.77,0,0,0,7,12.35h9.1a.39.39,0,1,0,0-.77h-9a1.84,1.84,0,0,1-1.58-.85L17.1,9.19a.34.34,0,0,0,.32-.31L19,2.7A.37.37,0,0,0,18.92,2.47Z"></path></svg></button></div></eg-gabarit-price><!----></footer></div></div><!----></div><!----><!----><!----><!----><!----><!----></eg-gabarit-basic><!----><!----><eg-gabarit-basic _ngcontent-wkf-c237="" _nghost-wkf-c236="" id="masonry-item-8" class="ng-star-inserted"><div _ngcontent-wkf-c236="" ngxmasonryitem="" class="Beurre Crèmerie gabarit gabarit__xs gabarit__xs__1 grid-item Œufs ng-star-inserted" style="position: absolute; left: 0px; top: 1577.89px; opacity: 1; transition-property: opacity, transform; transition-duration: 0.4s; transition-delay: 0ms;"><div _ngcontent-wkf-c236="" class="wrapper ng-star-inserted"><!----><header _ngcontent-wkf-c236="" class="header"><img _ngcontent-wkf-c236="" class="hidded" src="https://cstatic.transgourmet.fr/tg-ecommerce/images/products/detail/210897.jpg"><a _ngcontent-wkf-c236=""><img _ngcontent-wkf-c236="" class="visuel ng-star-inserted" src="https://cstatic.transgourmet.fr/tg-ecommerce/images/products/detail/210897.jpg"><!----><!----><!----></a><eg-product-info-pictos _ngcontent-wkf-c236="" _nghost-wkf-c203=""><div _ngcontent-wkf-c203="" id="infos-special-pictos"><img _ngcontent-wkf-c203="" alt="veggie" src="assets/images/picto-veggie-web-blanc.png" class="ng-star-inserted"><!----><!----></div></eg-product-info-pictos></header><div _ngcontent-wkf-c236="" class="body"><eg-products-info-top-cartouche _ngcontent-wkf-c236="" _nghost-wkf-c199="" class="ng-star-inserted"><div _ngcontent-wkf-c199="" id="infos-top" class="d-flex justify-content-end infos-top infos-top-body infos-top-cartouche ng-star-inserted"><div _ngcontent-wkf-c199="" id="infos-top__stripe" class="d-flex align-items-center justify-content-center infos-top__stripe"><img _ngcontent-wkf-c199="" src="assets/images/cartouche/promo.png"></div></div><!----></eg-products-info-top-cartouche><!----><div _ngcontent-wkf-c236="" class="labels"><div _ngcontent-wkf-c236="" class="labels-container"></div><eg-products-info-top-fide _ngcontent-wkf-c236="" _nghost-wkf-c200=""><!----></eg-products-info-top-fide></div><div _ngcontent-wkf-c236="" id="category"><h5 _ngcontent-wkf-c236="" class="category"><span _ngcontent-wkf-c236="" class="txt ng-star-inserted">KERRYMAID</span><!----><!----></h5><eg-product-temperature-block _ngcontent-wkf-c236="" _nghost-wkf-c202=""><img _ngcontent-wkf-c202="" src="https://cstatic.transgourmet.fr/tg-ecommerce/images/picto-frais.png" alt="Frais" title="Frais" class="pictoImg ng-star-inserted"><!----><!----><!----><!----></eg-product-temperature-block></div><div _ngcontent-wkf-c236="" class="title-wrapper"><a _ngcontent-wkf-c236=""><h3 _ngcontent-wkf-c236="" class="title">Cheddar fondu</h3><!----></a></div><p _ngcontent-wkf-c236="" class="text"> Portion de 12.295 g.<br _ngcontent-wkf-c236="" class="ng-star-inserted"><!----> Sachet de 88 portions.<br _ngcontent-wkf-c236="" class="ng-star-inserted"><!----><!----><!----><!----></p><footer _ngcontent-wkf-c236=""><eg-gabarit-price _ngcontent-wkf-c236="" _nghost-wkf-c235="" class="ng-star-inserted"><div _ngcontent-wkf-c235="" class="price"> 6,95€ <!----></div><div _ngcontent-wkf-c235="" class="extra-wrapper"><div _ngcontent-wkf-c235="" class="extra"><div _ngcontent-wkf-c235=""><strong _ngcontent-wkf-c235=""><eg-product-trade-prices _ngcontent-wkf-c235="" _nghost-wkf-c155=""><div _ngcontent-wkf-c155="" class="prices-unity">Soit 6,42€ / kg </div><!----><div _ngcontent-wkf-c155="" class="prices-unity prices-other ng-star-inserted">Soit 0,08€ / portions </div><!----><!----></eg-product-trade-prices></strong> Code : 204841<br _ngcontent-wkf-c235=""></div></div><button _ngcontent-wkf-c235="" type="button" class="btn btn__icon__basic"><svg _ngcontent-wkf-c235="" xmlns="http://www.w3.org/2000/svg" viewBox="0 0 19 17.08" width="37" height="34"><path _ngcontent-wkf-c235="" d="M14.25,17.08a1.88,1.88,0,1,1,1.88-1.88A1.88,1.88,0,0,1,14.25,17.08Zm0-3.05a1.18,1.18,0,1,0,1.18,1.18A1.18,1.18,0,0,0,14.25,14Z"></path><path _ngcontent-wkf-c235="" d="M6.65,17.08A1.88,1.88,0,1,1,8.53,15.2,1.88,1.88,0,0,1,6.65,17.08Zm0-3.05A1.18,1.18,0,1,0,7.83,15.2,1.18,1.18,0,0,0,6.65,14Z"></path><path _ngcontent-wkf-c235="" d="M16.7,8.49,5.15,10,3.72,3H18Zm2.22-6a.41.41,0,0,0-.32-.15h-15l-.4-2c0-.15-.24-.31-.4-.31H.4A.37.37,0,0,0,0,.39.37.37,0,0,0,.4.77H2.45l1.9,9.42A2.77,2.77,0,0,0,7,12.35h9.1a.39.39,0,1,0,0-.77h-9a1.84,1.84,0,0,1-1.58-.85L17.1,9.19a.34.34,0,0,0,.32-.31L19,2.7A.37.37,0,0,0,18.92,2.47Z"></path></svg></button></div></eg-gabarit-price><!----></footer></div></div><!----></div><!----><!----><!----><!----><!----><!----></eg-gabarit-basic><!----><!----><eg-gabarit-basic _ngcontent-wkf-c237="" _nghost-wkf-c236="" id="masonry-item-9" class="ng-star-inserted"><div _ngcontent-wkf-c236="" ngxmasonryitem="" class="Beurre Crèmerie gabarit gabarit__xs gabarit__xs__1 grid-item Œufs ng-star-inserted" style="position: absolute; left: 201px; top: 1511.88px; opacity: 1; transition-property: opacity, transform; transition-duration: 0.4s; transition-delay: 0ms;"><div _ngcontent-wkf-c236="" class="wrapper ng-star-inserted"><!----><header _ngcontent-wkf-c236="" class="header"><img _ngcontent-wkf-c236="" class="hidded" src="https://cstatic.transgourmet.fr/tg-ecommerce/images/products/detail/206200.jpg"><a _ngcontent-wkf-c236=""><img _ngcontent-wkf-c236="" class="visuel ng-star-inserted" src="https://cstatic.transgourmet.fr/tg-ecommerce/images/products/detail/206200.jpg"><!----><!----><!----></a><eg-product-info-pictos _ngcontent-wkf-c236="" _nghost-wkf-c203=""><div _ngcontent-wkf-c203="" id="infos-special-pictos"><img _ngcontent-wkf-c203="" alt="veggie" src="assets/images/picto-veggie-web-blanc.png" class="ng-star-inserted"><!----><!----></div></eg-product-info-pictos></header><div _ngcontent-wkf-c236="" class="body"><eg-products-info-top-cartouche _ngcontent-wkf-c236="" _nghost-wkf-c199="" class="ng-star-inserted"><div _ngcontent-wkf-c199="" id="infos-top" class="d-flex justify-content-end infos-top infos-top-body infos-top-cartouche ng-star-inserted"><div _ngcontent-wkf-c199="" id="infos-top__stripe" class="d-flex align-items-center justify-content-center infos-top__stripe"><img _ngcontent-wkf-c199="" src="assets/images/cartouche/promo.png"></div></div><!----></eg-products-info-top-cartouche><!----><div _ngcontent-wkf-c236="" class="labels"><div _ngcontent-wkf-c236="" class="labels-container"></div><eg-products-info-top-fide _ngcontent-wkf-c236="" _nghost-wkf-c200=""><!----></eg-products-info-top-fide></div><div _ngcontent-wkf-c236="" id="category"><h5 _ngcontent-wkf-c236="" class="category"><span _ngcontent-wkf-c236="" class="txt ng-star-inserted">SOIGNON</span><!----><!----></h5><eg-product-temperature-block _ngcontent-wkf-c236="" _nghost-wkf-c202=""><!----><img _ngcontent-wkf-c202="" src="https://cstatic.transgourmet.fr/tg-ecommerce/images/picto-surgele.png" class="pictoImg ng-star-inserted" alt="Surgelé" title="Surgelé"><!----><!----><!----></eg-product-temperature-block></div><div _ngcontent-wkf-c236="" class="title-wrapper"><a _ngcontent-wkf-c236=""><h3 _ngcontent-wkf-c236="" class="title">Tranche de chèvre affinée Iqf
tranche de 20 g</h3><h3 _ngcontent-wkf-c236="" class="title ng-star-inserted"> barquette de 500 g </h3><!----></a></div><p _ngcontent-wkf-c236="" class="text"> Par barquette de 500 g.<br _ngcontent-wkf-c236="" class="ng-star-inserted"><!----> Colis de 8 barquettes.<br _ngcontent-wkf-c236="" class="ng-star-inserted"><!----><!----><!----><!----></p><footer _ngcontent-wkf-c236=""><eg-gabarit-price _ngcontent-wkf-c236="" _nghost-wkf-c235="" class="ng-star-inserted"><div _ngcontent-wkf-c235="" class="price"> 7,05€ <!----></div><div _ngcontent-wkf-c235="" class="extra-wrapper"><div _ngcontent-wkf-c235="" class="extra"><div _ngcontent-wkf-c235=""><strong _ngcontent-wkf-c235=""><eg-product-trade-prices _ngcontent-wkf-c235="" _nghost-wkf-c155=""><div _ngcontent-wkf-c155="" class="prices-unity">Soit 14,09€ / kg </div><!----><!----><!----></eg-product-trade-prices></strong> Code : 200078<br _ngcontent-wkf-c235=""></div></div><button _ngcontent-wkf-c235="" type="button" class="btn btn__icon__basic"><svg _ngcontent-wkf-c235="" xmlns="http://www.w3.org/2000/svg" viewBox="0 0 19 17.08" width="37" height="34"><path _ngcontent-wkf-c235="" d="M14.25,17.08a1.88,1.88,0,1,1,1.88-1.88A1.88,1.88,0,0,1,14.25,17.08Zm0-3.05a1.18,1.18,0,1,0,1.18,1.18A1.18,1.18,0,0,0,14.25,14Z"></path><path _ngcontent-wkf-c235="" d="M6.65,17.08A1.88,1.88,0,1,1,8.53,15.2,1.88,1.88,0,0,1,6.65,17.08Zm0-3.05A1.18,1.18,0,1,0,7.83,15.2,1.18,1.18,0,0,0,6.65,14Z"></path><path _ngcontent-wkf-c235="" d="M16.7,8.49,5.15,10,3.72,3H18Zm2.22-6a.41.41,0,0,0-.32-.15h-15l-.4-2c0-.15-.24-.31-.4-.31H.4A.37.37,0,0,0,0,.39.37.37,0,0,0,.4.77H2.45l1.9,9.42A2.77,2.77,0,0,0,7,12.35h9.1a.39.39,0,1,0,0-.77h-9a1.84,1.84,0,0,1-1.58-.85L17.1,9.19a.34.34,0,0,0,.32-.31L19,2.7A.37.37,0,0,0,18.92,2.47Z"></path></svg></button></div></eg-gabarit-price><!----></footer></div></div><!----></div><!----><!----><!----><!----><!----><!----></eg-gabarit-basic><!----><!----><eg-gabarit-basic _ngcontent-wkf-c237="" _nghost-wkf-c236="" id="masonry-item-10" class="ng-star-inserted"><div _ngcontent-wkf-c236="" ngxmasonryitem="" class="Beurre Crèmerie gabarit gabarit__xs gabarit__xs__1 grid-item Œufs ng-star-inserted" style="position: absolute; left: 0px; top: 1930.11px; opacity: 1; transition-property: opacity, transform; transition-duration: 0.4s; transition-delay: 0ms;"><div _ngcontent-wkf-c236="" class="wrapper ng-star-inserted"><!----><header _ngcontent-wkf-c236="" class="header"><img _ngcontent-wkf-c236="" class="hidded" src="https://cstatic.transgourmet.fr/tg-ecommerce/images/products/detail/253434.jpg"><a _ngcontent-wkf-c236=""><img _ngcontent-wkf-c236="" class="visuel ng-star-inserted" src="https://cstatic.transgourmet.fr/tg-ecommerce/images/products/detail/253434.jpg"><!----><!----><!----></a><eg-product-info-pictos _ngcontent-wkf-c236="" _nghost-wkf-c203=""><div _ngcontent-wkf-c203="" id="infos-special-pictos"><img _ngcontent-wkf-c203="" alt="veggie" src="assets/images/picto-veggie-web-blanc.png" class="ng-star-inserted"><!----><!----></div></eg-product-info-pictos></header><div _ngcontent-wkf-c236="" class="body"><eg-products-info-top-cartouche _ngcontent-wkf-c236="" _nghost-wkf-c199="" class="ng-star-inserted"><div _ngcontent-wkf-c199="" id="infos-top" class="d-flex justify-content-end infos-top infos-top-body infos-top-cartouche ng-star-inserted"><div _ngcontent-wkf-c199="" id="infos-top__stripe" class="d-flex align-items-center justify-content-center infos-top__stripe"><img _ngcontent-wkf-c199="" src="assets/images/cartouche/mercuriale.png"></div></div><!----></eg-products-info-top-cartouche><!----><div _ngcontent-wkf-c236="" class="labels"><div _ngcontent-wkf-c236="" class="labels-container"></div><eg-products-info-top-fide _ngcontent-wkf-c236="" _nghost-wkf-c200=""><!----></eg-products-info-top-fide></div><div _ngcontent-wkf-c236="" id="category"><h5 _ngcontent-wkf-c236="" class="category"><span _ngcontent-wkf-c236="" class="txt ng-star-inserted">PRESIDENT PRO</span><!----><!----></h5><eg-product-temperature-block _ngcontent-wkf-c236="" _nghost-wkf-c202=""><img _ngcontent-wkf-c202="" src="https://cstatic.transgourmet.fr/tg-ecommerce/images/picto-frais.png" alt="Frais" title="Frais" class="pictoImg ng-star-inserted"><!----><!----><!----><!----></eg-product-temperature-block></div><div _ngcontent-wkf-c236="" class="title-wrapper"><a _ngcontent-wkf-c236=""><h3 _ngcontent-wkf-c236="" class="title">Tartimalin doux 40 % m.g.</h3><h3 _ngcontent-wkf-c236="" class="title ng-star-inserted"> barquette de 1 kg </h3><!----></a></div><p _ngcontent-wkf-c236="" class="text"> Par barquette de 1 kg.<br _ngcontent-wkf-c236="" class="ng-star-inserted"><!----> Colis de 6 barquettes.<br _ngcontent-wkf-c236="" class="ng-star-inserted"><!----><!----><!----><!----></p><footer _ngcontent-wkf-c236=""><eg-gabarit-price _ngcontent-wkf-c236="" _nghost-wkf-c235="" class="ng-star-inserted"><div _ngcontent-wkf-c235="" class="price"> 6,99€ <!----></div><div _ngcontent-wkf-c235="" class="extra-wrapper"><div _ngcontent-wkf-c235="" class="extra"><div _ngcontent-wkf-c235=""><strong _ngcontent-wkf-c235=""><eg-product-trade-prices _ngcontent-wkf-c235="" _nghost-wkf-c155=""><div _ngcontent-wkf-c155="" class="prices-unity">Soit 6,99€ / kg </div><!----><!----><!----></eg-product-trade-prices></strong> Code : 125740<br _ngcontent-wkf-c235=""></div></div><button _ngcontent-wkf-c235="" type="button" class="btn btn__icon__basic"><svg _ngcontent-wkf-c235="" xmlns="http://www.w3.org/2000/svg" viewBox="0 0 19 17.08" width="37" height="34"><path _ngcontent-wkf-c235="" d="M14.25,17.08a1.88,1.88,0,1,1,1.88-1.88A1.88,1.88,0,0,1,14.25,17.08Zm0-3.05a1.18,1.18,0,1,0,1.18,1.18A1.18,1.18,0,0,0,14.25,14Z"></path><path _ngcontent-wkf-c235="" d="M6.65,17.08A1.88,1.88,0,1,1,8.53,15.2,1.88,1.88,0,0,1,6.65,17.08Zm0-3.05A1.18,1.18,0,1,0,7.83,15.2,1.18,1.18,0,0,0,6.65,14Z"></path><path _ngcontent-wkf-c235="" d="M16.7,8.49,5.15,10,3.72,3H18Zm2.22-6a.41.41,0,0,0-.32-.15h-15l-.4-2c0-.15-.24-.31-.4-.31H.4A.37.37,0,0,0,0,.39.37.37,0,0,0,.4.77H2.45l1.9,9.42A2.77,2.77,0,0,0,7,12.35h9.1a.39.39,0,1,0,0-.77h-9a1.84,1.84,0,0,1-1.58-.85L17.1,9.19a.34.34,0,0,0,.32-.31L19,2.7A.37.37,0,0,0,18.92,2.47Z"></path></svg></button></div></eg-gabarit-price><!----></footer></div></div><!----></div><!----><!----><!----><!----><!----><!----></eg-gabarit-basic><!----><!----><eg-gabarit-basic _ngcontent-wkf-c237="" _nghost-wkf-c236="" id="masonry-item-11" class="ng-star-inserted"><div _ngcontent-wkf-c236="" ngxmasonryitem="" class="Beurre Crèmerie gabarit gabarit__xs gabarit__xs__1 grid-item Œufs ng-star-inserted" style="position: absolute; left: 201px; top: 1911.1px; opacity: 1; transition-property: opacity, transform; transition-duration: 0.4s; transition-delay: 0ms;"><div _ngcontent-wkf-c236="" class="wrapper ng-star-inserted"><!----><header _ngcontent-wkf-c236="" class="header"><img _ngcontent-wkf-c236="" class="hidded" src="https://cstatic.transgourmet.fr/tg-ecommerce/images/products/detail/256023.jpg"><a _ngcontent-wkf-c236=""><img _ngcontent-wkf-c236="" class="visuel ng-star-inserted" src="https://cstatic.transgourmet.fr/tg-ecommerce/images/products/detail/256023.jpg"><!----><!----><!----></a><eg-product-info-pictos _ngcontent-wkf-c236="" _nghost-wkf-c203=""><div _ngcontent-wkf-c203="" id="infos-special-pictos"><img _ngcontent-wkf-c203="" alt="veggie" src="assets/images/picto-veggie-web-blanc.png" class="ng-star-inserted"><!----><!----></div></eg-product-info-pictos></header><div _ngcontent-wkf-c236="" class="body"><eg-products-info-top-cartouche _ngcontent-wkf-c236="" _nghost-wkf-c199="" class="ng-star-inserted"><div _ngcontent-wkf-c199="" id="infos-top" class="d-flex justify-content-end infos-top infos-top-body infos-top-cartouche ng-star-inserted"><div _ngcontent-wkf-c199="" id="infos-top__stripe" class="d-flex align-items-center justify-content-center infos-top__stripe"><img _ngcontent-wkf-c199="" src="assets/images/cartouche/promo.png"></div></div><!----></eg-products-info-top-cartouche><!----><div _ngcontent-wkf-c236="" class="labels"><div _ngcontent-wkf-c236="" class="labels-container"></div><eg-products-info-top-fide _ngcontent-wkf-c236="" _nghost-wkf-c200=""><div _ngcontent-wkf-c200="" id="info-top-fide" class="d-flex flex-row justify-content-end ng-star-inserted"><div _ngcontent-wkf-c200="" class="d-flex flex-row-reverse justify-content-between w-100"><div _ngcontent-wkf-c200="" class="order-2 points-gourmets ng-star-inserted" title="1 points /&nbsp;barquette"><div _ngcontent-wkf-c200="" class="points">1</div><div _ngcontent-wkf-c200="" class="unit carre"><span _ngcontent-wkf-c200="">/&nbsp;barquette</span></div><img _ngcontent-wkf-c200="" src="assets/images/points-gourmets.553b6337.jpg" alt=""></div><!----><!----></div></div><!----></eg-products-info-top-fide></div><div _ngcontent-wkf-c236="" id="category"><h5 _ngcontent-wkf-c236="" class="category"><span _ngcontent-wkf-c236="" class="txt ng-star-inserted">PRESIDENT PROFESSIONNEL</span><!----><!----></h5><eg-product-temperature-block _ngcontent-wkf-c236="" _nghost-wkf-c202=""><img _ngcontent-wkf-c202="" src="https://cstatic.transgourmet.fr/tg-ecommerce/images/picto-frais.png" alt="Frais" title="Frais" class="pictoImg ng-star-inserted"><!----><!----><!----><!----></eg-product-temperature-block></div><div _ngcontent-wkf-c236="" class="title-wrapper"><a _ngcontent-wkf-c236=""><h3 _ngcontent-wkf-c236="" class="title">Tartimalin fromage à la crème</h3><h3 _ngcontent-wkf-c236="" class="title ng-star-inserted"> barquette de 1 kg </h3><!----></a></div><p _ngcontent-wkf-c236="" class="text"> Par barquette de 1 kg.<br _ngcontent-wkf-c236="" class="ng-star-inserted"><!----> Colis de 6 barquettes.<br _ngcontent-wkf-c236="" class="ng-star-inserted"><!----><!----><!----><!----></p><footer _ngcontent-wkf-c236=""><eg-gabarit-price _ngcontent-wkf-c236="" _nghost-wkf-c235="" class="ng-star-inserted"><div _ngcontent-wkf-c235="" class="price"> 8,95€ <!----></div><div _ngcontent-wkf-c235="" class="extra-wrapper"><div _ngcontent-wkf-c235="" class="extra"><div _ngcontent-wkf-c235=""><strong _ngcontent-wkf-c235=""><eg-product-trade-prices _ngcontent-wkf-c235="" _nghost-wkf-c155=""><div _ngcontent-wkf-c155="" class="prices-unity">Soit 8,95€ / kg </div><!----><!----><!----></eg-product-trade-prices></strong> Code : 101777<br _ngcontent-wkf-c235=""></div></div><button _ngcontent-wkf-c235="" type="button" class="btn btn__icon__basic"><svg _ngcontent-wkf-c235="" xmlns="http://www.w3.org/2000/svg" viewBox="0 0 19 17.08" width="37" height="34"><path _ngcontent-wkf-c235="" d="M14.25,17.08a1.88,1.88,0,1,1,1.88-1.88A1.88,1.88,0,0,1,14.25,17.08Zm0-3.05a1.18,1.18,0,1,0,1.18,1.18A1.18,1.18,0,0,0,14.25,14Z"></path><path _ngcontent-wkf-c235="" d="M6.65,17.08A1.88,1.88,0,1,1,8.53,15.2,1.88,1.88,0,0,1,6.65,17.08Zm0-3.05A1.18,1.18,0,1,0,7.83,15.2,1.18,1.18,0,0,0,6.65,14Z"></path><path _ngcontent-wkf-c235="" d="M16.7,8.49,5.15,10,3.72,3H18Zm2.22-6a.41.41,0,0,0-.32-.15h-15l-.4-2c0-.15-.24-.31-.4-.31H.4A.37.37,0,0,0,0,.39.37.37,0,0,0,.4.77H2.45l1.9,9.42A2.77,2.77,0,0,0,7,12.35h9.1a.39.39,0,1,0,0-.77h-9a1.84,1.84,0,0,1-1.58-.85L17.1,9.19a.34.34,0,0,0,.32-.31L19,2.7A.37.37,0,0,0,18.92,2.47Z"></path></svg></button></div></eg-gabarit-price><!----></footer></div></div><!----></div><!----><!----><!----><!----><!----><!----></eg-gabarit-basic><!----><!----><eg-gabarit-basic _ngcontent-wkf-c237="" _nghost-wkf-c236="" id="masonry-item-12" class="ng-star-inserted"><div _ngcontent-wkf-c236="" ngxmasonryitem="" class="Beurre Crèmerie gabarit gabarit__sm gabarit__sm__2 grid-item Œufs ng-star-inserted" style="position: absolute; left: 0px; top: 2344.3px; opacity: 1; transition-property: opacity, transform; transition-duration: 0.4s; transition-delay: 0ms;"><div _ngcontent-wkf-c236="" class="wrapper ng-star-inserted"><!----><header _ngcontent-wkf-c236="" class="header"><img _ngcontent-wkf-c236="" class="hidded" src="https://cstatic.transgourmet.fr/tg-ecommerce/images/products/detail/219811.jpg"><a _ngcontent-wkf-c236=""><img _ngcontent-wkf-c236="" class="visuel ng-star-inserted" src="https://cstatic.transgourmet.fr/tg-ecommerce/images/products/detail/219811.jpg"><!----><!----><!----></a><eg-product-info-pictos _ngcontent-wkf-c236="" _nghost-wkf-c203=""><div _ngcontent-wkf-c203="" id="infos-special-pictos"><img _ngcontent-wkf-c203="" alt="veggie" src="assets/images/picto-veggie-web-blanc.png" class="ng-star-inserted"><!----><!----></div></eg-product-info-pictos></header><div _ngcontent-wkf-c236="" class="body"><eg-products-info-top-cartouche _ngcontent-wkf-c236="" _nghost-wkf-c199="" class="ng-star-inserted"><div _ngcontent-wkf-c199="" id="infos-top" class="d-flex justify-content-end infos-top infos-top-body infos-top-cartouche ng-star-inserted"><div _ngcontent-wkf-c199="" id="infos-top__stripe" class="d-flex align-items-center justify-content-center infos-top__stripe"><img _ngcontent-wkf-c199="" src="assets/images/cartouche/promo.png"></div></div><!----></eg-products-info-top-cartouche><!----><div _ngcontent-wkf-c236="" class="labels"><div _ngcontent-wkf-c236="" class="labels-container"></div><eg-products-info-top-fide _ngcontent-wkf-c236="" _nghost-wkf-c200=""><!----></eg-products-info-top-fide></div><div _ngcontent-wkf-c236="" id="category"><h5 _ngcontent-wkf-c236="" class="category"><span _ngcontent-wkf-c236="" class="txt ng-star-inserted">SAVEUR D'AUTREFOIS</span><!----><!----></h5><eg-product-temperature-block _ngcontent-wkf-c236="" _nghost-wkf-c202=""><img _ngcontent-wkf-c202="" src="https://cstatic.transgourmet.fr/tg-ecommerce/images/picto-frais.png" alt="Frais" title="Frais" class="pictoImg ng-star-inserted"><!----><!----><!----><!----></eg-product-temperature-block></div><div _ngcontent-wkf-c236="" class="title-wrapper"><a _ngcontent-wkf-c236=""><h3 _ngcontent-wkf-c236="" class="title">Yaourt sucré à la vanille
pot en verre de 140 g</h3><!----></a></div><p _ngcontent-wkf-c236="" class="text"> Pot de 140 g.<br _ngcontent-wkf-c236="" class="ng-star-inserted"><!----> Colis de 6 pots.<br _ngcontent-wkf-c236="" class="ng-star-inserted"><!----><!----><!----><!----></p><footer _ngcontent-wkf-c236=""><div _ngcontent-wkf-c236="" class="row ng-star-inserted"><div _ngcontent-wkf-c236="" class="col"><eg-gabarit-price _ngcontent-wkf-c236="" _nghost-wkf-c235=""><div _ngcontent-wkf-c235="" class="price"> 5,34€ <h3 _ngcontent-wkf-c235="" class="title ng-star-inserted">Yaourt sucré à la vanille
pot en verre de 140 g</h3><!----></div><div _ngcontent-wkf-c235="" class="extra-wrapper"><div _ngcontent-wkf-c235="" class="extra"><div _ngcontent-wkf-c235=""><strong _ngcontent-wkf-c235=""><eg-product-trade-prices _ngcontent-wkf-c235="" _nghost-wkf-c155=""><div _ngcontent-wkf-c155="" class="prices-unity">Soit 6,36€ / kg </div><div _ngcontent-wkf-c155="" class="prices-unity prices-other ng-star-inserted">Soit 0,89€ / pot
</div><!----><!----><!----></eg-product-trade-prices></strong> Code : 242714<br _ngcontent-wkf-c235=""></div></div><button _ngcontent-wkf-c235="" type="button" class="btn btn__icon__basic"><svg _ngcontent-wkf-c235="" xmlns="http://www.w3.org/2000/svg" viewBox="0 0 19 17.08" width="37" height="34"><path _ngcontent-wkf-c235="" d="M14.25,17.08a1.88,1.88,0,1,1,1.88-1.88A1.88,1.88,0,0,1,14.25,17.08Zm0-3.05a1.18,1.18,0,1,0,1.18,1.18A1.18,1.18,0,0,0,14.25,14Z"></path><path _ngcontent-wkf-c235="" d="M6.65,17.08A1.88,1.88,0,1,1,8.53,15.2,1.88,1.88,0,0,1,6.65,17.08Zm0-3.05A1.18,1.18,0,1,0,7.83,15.2,1.18,1.18,0,0,0,6.65,14Z"></path><path _ngcontent-wkf-c235="" d="M16.7,8.49,5.15,10,3.72,3H18Zm2.22-6a.41.41,0,0,0-.32-.15h-15l-.4-2c0-.15-.24-.31-.4-.31H.4A.37.37,0,0,0,0,.39.37.37,0,0,0,.4.77H2.45l1.9,9.42A2.77,2.77,0,0,0,7,12.35h9.1a.39.39,0,1,0,0-.77h-9a1.84,1.84,0,0,1-1.58-.85L17.1,9.19a.34.34,0,0,0,.32-.31L19,2.7A.37.37,0,0,0,18.92,2.47Z"></path></svg></button></div></eg-gabarit-price></div><div _ngcontent-wkf-c236="" class="col ng-star-inserted"><eg-gabarit-price _ngcontent-wkf-c236="" _nghost-wkf-c235=""><div _ngcontent-wkf-c235="" class="price"> 5,34€ <h3 _ngcontent-wkf-c235="" class="title ng-star-inserted">Yaourt sur lit de mangue
passion
pot en verre de 140 g</h3><!----></div><div _ngcontent-wkf-c235="" class="extra-wrapper"><div _ngcontent-wkf-c235="" class="extra"><div _ngcontent-wkf-c235=""><strong _ngcontent-wkf-c235=""><eg-product-trade-prices _ngcontent-wkf-c235="" _nghost-wkf-c155=""><div _ngcontent-wkf-c155="" class="prices-unity">Soit 6,36€ / kg </div><div _ngcontent-wkf-c155="" class="prices-unity prices-other ng-star-inserted">Soit 0,89€ / pot
</div><!----><!----><!----></eg-product-trade-prices></strong> Code : 242716<br _ngcontent-wkf-c235=""></div></div><button _ngcontent-wkf-c235="" type="button" class="btn btn__icon__basic"><svg _ngcontent-wkf-c235="" xmlns="http://www.w3.org/2000/svg" viewBox="0 0 19 17.08" width="37" height="34"><path _ngcontent-wkf-c235="" d="M14.25,17.08a1.88,1.88,0,1,1,1.88-1.88A1.88,1.88,0,0,1,14.25,17.08Zm0-3.05a1.18,1.18,0,1,0,1.18,1.18A1.18,1.18,0,0,0,14.25,14Z"></path><path _ngcontent-wkf-c235="" d="M6.65,17.08A1.88,1.88,0,1,1,8.53,15.2,1.88,1.88,0,0,1,6.65,17.08Zm0-3.05A1.18,1.18,0,1,0,7.83,15.2,1.18,1.18,0,0,0,6.65,14Z"></path><path _ngcontent-wkf-c235="" d="M16.7,8.49,5.15,10,3.72,3H18Zm2.22-6a.41.41,0,0,0-.32-.15h-15l-.4-2c0-.15-.24-.31-.4-.31H.4A.37.37,0,0,0,0,.39.37.37,0,0,0,.4.77H2.45l1.9,9.42A2.77,2.77,0,0,0,7,12.35h9.1a.39.39,0,1,0,0-.77h-9a1.84,1.84,0,0,1-1.58-.85L17.1,9.19a.34.34,0,0,0,.32-.31L19,2.7A.37.37,0,0,0,18.92,2.47Z"></path></svg></button></div></eg-gabarit-price></div><!----><!----><div _ngcontent-wkf-c236="" class="col ng-star-inserted"><eg-gabarit-price _ngcontent-wkf-c236="" _nghost-wkf-c235=""><div _ngcontent-wkf-c235="" class="price"> 5,34€ <h3 _ngcontent-wkf-c235="" class="title ng-star-inserted">Yaourt sur lit de fraise
pot en verre de 140 g</h3><!----></div><div _ngcontent-wkf-c235="" class="extra-wrapper"><div _ngcontent-wkf-c235="" class="extra"><div _ngcontent-wkf-c235=""><strong _ngcontent-wkf-c235=""><eg-product-trade-prices _ngcontent-wkf-c235="" _nghost-wkf-c155=""><div _ngcontent-wkf-c155="" class="prices-unity">Soit 6,36€ / kg </div><div _ngcontent-wkf-c155="" class="prices-unity prices-other ng-star-inserted">Soit 0,89€ / pot
</div><!----><!----><!----></eg-product-trade-prices></strong> Code : 242717<br _ngcontent-wkf-c235=""></div></div><button _ngcontent-wkf-c235="" type="button" class="btn btn__icon__basic"><svg _ngcontent-wkf-c235="" xmlns="http://www.w3.org/2000/svg" viewBox="0 0 19 17.08" width="37" height="34"><path _ngcontent-wkf-c235="" d="M14.25,17.08a1.88,1.88,0,1,1,1.88-1.88A1.88,1.88,0,0,1,14.25,17.08Zm0-3.05a1.18,1.18,0,1,0,1.18,1.18A1.18,1.18,0,0,0,14.25,14Z"></path><path _ngcontent-wkf-c235="" d="M6.65,17.08A1.88,1.88,0,1,1,8.53,15.2,1.88,1.88,0,0,1,6.65,17.08Zm0-3.05A1.18,1.18,0,1,0,7.83,15.2,1.18,1.18,0,0,0,6.65,14Z"></path><path _ngcontent-wkf-c235="" d="M16.7,8.49,5.15,10,3.72,3H18Zm2.22-6a.41.41,0,0,0-.32-.15h-15l-.4-2c0-.15-.24-.31-.4-.31H.4A.37.37,0,0,0,0,.39.37.37,0,0,0,.4.77H2.45l1.9,9.42A2.77,2.77,0,0,0,7,12.35h9.1a.39.39,0,1,0,0-.77h-9a1.84,1.84,0,0,1-1.58-.85L17.1,9.19a.34.34,0,0,0,.32-.31L19,2.7A.37.37,0,0,0,18.92,2.47Z"></path></svg></button></div></eg-gabarit-price></div><!----><!----><div _ngcontent-wkf-c236="" class="col ng-star-inserted"><eg-gabarit-price _ngcontent-wkf-c236="" _nghost-wkf-c235=""><div _ngcontent-wkf-c235="" class="price"> 5,34€ <h3 _ngcontent-wkf-c235="" class="title ng-star-inserted">Yaourt sucré au citron
pot en verre de 140 g</h3><!----></div><div _ngcontent-wkf-c235="" class="extra-wrapper"><div _ngcontent-wkf-c235="" class="extra"><div _ngcontent-wkf-c235=""><strong _ngcontent-wkf-c235=""><eg-product-trade-prices _ngcontent-wkf-c235="" _nghost-wkf-c155=""><div _ngcontent-wkf-c155="" class="prices-unity">Soit 6,36€ / kg </div><div _ngcontent-wkf-c155="" class="prices-unity prices-other ng-star-inserted">Soit 0,89€ / pot
</div><!----><!----><!----></eg-product-trade-prices></strong> Code : 242720<br _ngcontent-wkf-c235=""></div></div><button _ngcontent-wkf-c235="" type="button" class="btn btn__icon__basic"><svg _ngcontent-wkf-c235="" xmlns="http://www.w3.org/2000/svg" viewBox="0 0 19 17.08" width="37" height="34"><path _ngcontent-wkf-c235="" d="M14.25,17.08a1.88,1.88,0,1,1,1.88-1.88A1.88,1.88,0,0,1,14.25,17.08Zm0-3.05a1.18,1.18,0,1,0,1.18,1.18A1.18,1.18,0,0,0,14.25,14Z"></path><path _ngcontent-wkf-c235="" d="M6.65,17.08A1.88,1.88,0,1,1,8.53,15.2,1.88,1.88,0,0,1,6.65,17.08Zm0-3.05A1.18,1.18,0,1,0,7.83,15.2,1.18,1.18,0,0,0,6.65,14Z"></path><path _ngcontent-wkf-c235="" d="M16.7,8.49,5.15,10,3.72,3H18Zm2.22-6a.41.41,0,0,0-.32-.15h-15l-.4-2c0-.15-.24-.31-.4-.31H.4A.37.37,0,0,0,0,.39.37.37,0,0,0,.4.77H2.45l1.9,9.42A2.77,2.77,0,0,0,7,12.35h9.1a.39.39,0,1,0,0-.77h-9a1.84,1.84,0,0,1-1.58-.85L17.1,9.19a.34.34,0,0,0,.32-.31L19,2.7A.37.37,0,0,0,18.92,2.47Z"></path></svg></button></div></eg-gabarit-price></div><!----><!----><div _ngcontent-wkf-c236="" class="col ng-star-inserted"><eg-gabarit-price _ngcontent-wkf-c236="" _nghost-wkf-c235=""><div _ngcontent-wkf-c235="" class="price"> 5,34€ <h3 _ngcontent-wkf-c235="" class="title ng-star-inserted">Yaourt sur lit de mûre
pot en verre de 140 g</h3><!----></div><div _ngcontent-wkf-c235="" class="extra-wrapper"><div _ngcontent-wkf-c235="" class="extra"><div _ngcontent-wkf-c235=""><strong _ngcontent-wkf-c235=""><eg-product-trade-prices _ngcontent-wkf-c235="" _nghost-wkf-c155=""><div _ngcontent-wkf-c155="" class="prices-unity">Soit 6,36€ / kg </div><div _ngcontent-wkf-c155="" class="prices-unity prices-other ng-star-inserted">Soit 0,89€ / pot
</div><!----><!----><!----></eg-product-trade-prices></strong> Code : 242713<br _ngcontent-wkf-c235=""></div></div><button _ngcontent-wkf-c235="" type="button" class="btn btn__icon__basic"><svg _ngcontent-wkf-c235="" xmlns="http://www.w3.org/2000/svg" viewBox="0 0 19 17.08" width="37" height="34"><path _ngcontent-wkf-c235="" d="M14.25,17.08a1.88,1.88,0,1,1,1.88-1.88A1.88,1.88,0,0,1,14.25,17.08Zm0-3.05a1.18,1.18,0,1,0,1.18,1.18A1.18,1.18,0,0,0,14.25,14Z"></path><path _ngcontent-wkf-c235="" d="M6.65,17.08A1.88,1.88,0,1,1,8.53,15.2,1.88,1.88,0,0,1,6.65,17.08Zm0-3.05A1.18,1.18,0,1,0,7.83,15.2,1.18,1.18,0,0,0,6.65,14Z"></path><path _ngcontent-wkf-c235="" d="M16.7,8.49,5.15,10,3.72,3H18Zm2.22-6a.41.41,0,0,0-.32-.15h-15l-.4-2c0-.15-.24-.31-.4-.31H.4A.37.37,0,0,0,0,.39.37.37,0,0,0,.4.77H2.45l1.9,9.42A2.77,2.77,0,0,0,7,12.35h9.1a.39.39,0,1,0,0-.77h-9a1.84,1.84,0,0,1-1.58-.85L17.1,9.19a.34.34,0,0,0,.32-.31L19,2.7A.37.37,0,0,0,18.92,2.47Z"></path></svg></button></div></eg-gabarit-price></div><!----><!----><!----></div><!----><!----></footer></div></div><!----></div><!----><!----><!----><!----><!----><!----></eg-gabarit-basic><!----><!----><eg-gabarit-basic _ngcontent-wkf-c237="" _nghost-wkf-c236="" id="masonry-item-13" class="ng-star-inserted"><div _ngcontent-wkf-c236="" ngxmasonryitem="" class="Beurre Crèmerie gabarit gabarit__xs gabarit__xs__1 grid-item Œufs ng-star-inserted" style="position: absolute; left: 0px; top: 2989.52px; opacity: 1; transition-property: opacity, transform; transition-duration: 0.4s; transition-delay: 0ms;"><div _ngcontent-wkf-c236="" class="wrapper ng-star-inserted"><!----><header _ngcontent-wkf-c236="" class="header"><img _ngcontent-wkf-c236="" class="hidded" src="https://cstatic.transgourmet.fr/tg-ecommerce/images/products/detail/214892.jpg"><a _ngcontent-wkf-c236=""><img _ngcontent-wkf-c236="" class="visuel ng-star-inserted" src="https://cstatic.transgourmet.fr/tg-ecommerce/images/products/detail/214892.jpg"><!----><!----><!----></a><eg-product-info-pictos _ngcontent-wkf-c236="" _nghost-wkf-c203=""><div _ngcontent-wkf-c203="" id="infos-special-pictos"><img _ngcontent-wkf-c203="" alt="veggie" src="assets/images/picto-veggie-web-blanc.png" class="ng-star-inserted"><!----><!----></div></eg-product-info-pictos></header><div _ngcontent-wkf-c236="" class="body"><eg-products-info-top-cartouche _ngcontent-wkf-c236="" _nghost-wkf-c199="" class="ng-star-inserted"><!----></eg-products-info-top-cartouche><!----><div _ngcontent-wkf-c236="" class="labels"><div _ngcontent-wkf-c236="" class="labels-container"></div><eg-products-info-top-fide _ngcontent-wkf-c236="" _nghost-wkf-c200=""><!----></eg-products-info-top-fide></div><div _ngcontent-wkf-c236="" id="category"><h5 _ngcontent-wkf-c236="" class="category"><span _ngcontent-wkf-c236="" class="txt ng-star-inserted">FLECHARD</span><!----><!----></h5><eg-product-temperature-block _ngcontent-wkf-c236="" _nghost-wkf-c202=""><img _ngcontent-wkf-c202="" src="https://cstatic.transgourmet.fr/tg-ecommerce/images/picto-frais.png" alt="Frais" title="Frais" class="pictoImg ng-star-inserted"><!----><!----><!----><!----></eg-product-temperature-block></div><div _ngcontent-wkf-c236="" class="title-wrapper"><a _ngcontent-wkf-c236=""><h3 _ngcontent-wkf-c236="" class="title">Beurre tourage sec baratte
en Normandie</h3><h3 _ngcontent-wkf-c236="" class="title ng-star-inserted"> plaque de 2 kg </h3><!----></a></div><p _ngcontent-wkf-c236="" class="text"> Plaque de 2 kg.<br _ngcontent-wkf-c236="" class="ng-star-inserted"><!----> Colis de 5 plaques.<br _ngcontent-wkf-c236="" class="ng-star-inserted"><!----><!----><!----><!----></p><footer _ngcontent-wkf-c236=""><eg-gabarit-price _ngcontent-wkf-c236="" _nghost-wkf-c235="" class="ng-star-inserted"><div _ngcontent-wkf-c235="" class="price"> 112,60€ <!----></div><div _ngcontent-wkf-c235="" class="extra-wrapper"><div _ngcontent-wkf-c235="" class="extra"><div _ngcontent-wkf-c235=""><strong _ngcontent-wkf-c235=""><eg-product-trade-prices _ngcontent-wkf-c235="" _nghost-wkf-c155=""><div _ngcontent-wkf-c155="" class="prices-unity">Soit 11,26€ / kg </div><div _ngcontent-wkf-c155="" class="prices-unity prices-other ng-star-inserted">Soit 22,52€ / plaque
</div><!----><!----><!----></eg-product-trade-prices></strong> Code : 998593<br _ngcontent-wkf-c235=""></div></div><button _ngcontent-wkf-c235="" type="button" class="btn btn__icon__basic"><svg _ngcontent-wkf-c235="" xmlns="http://www.w3.org/2000/svg" viewBox="0 0 19 17.08" width="37" height="34"><path _ngcontent-wkf-c235="" d="M14.25,17.08a1.88,1.88,0,1,1,1.88-1.88A1.88,1.88,0,0,1,14.25,17.08Zm0-3.05a1.18,1.18,0,1,0,1.18,1.18A1.18,1.18,0,0,0,14.25,14Z"></path><path _ngcontent-wkf-c235="" d="M6.65,17.08A1.88,1.88,0,1,1,8.53,15.2,1.88,1.88,0,0,1,6.65,17.08Zm0-3.05A1.18,1.18,0,1,0,7.83,15.2,1.18,1.18,0,0,0,6.65,14Z"></path><path _ngcontent-wkf-c235="" d="M16.7,8.49,5.15,10,3.72,3H18Zm2.22-6a.41.41,0,0,0-.32-.15h-15l-.4-2c0-.15-.24-.31-.4-.31H.4A.37.37,0,0,0,0,.39.37.37,0,0,0,.4.77H2.45l1.9,9.42A2.77,2.77,0,0,0,7,12.35h9.1a.39.39,0,1,0,0-.77h-9a1.84,1.84,0,0,1-1.58-.85L17.1,9.19a.34.34,0,0,0,.32-.31L19,2.7A.37.37,0,0,0,18.92,2.47Z"></path></svg></button></div></eg-gabarit-price><!----></footer></div></div><!----></div><!----><!----><!----><!----><!----><!----></eg-gabarit-basic><!----><!----><eg-gabarit-basic _ngcontent-wkf-c237="" _nghost-wkf-c236="" id="masonry-item-14" class="ng-star-inserted"><div _ngcontent-wkf-c236="" ngxmasonryitem="" class="Beurre Crèmerie gabarit gabarit__xs gabarit__xs__1 grid-item Œufs ng-star-inserted" style="position: absolute; left: 201px; top: 2989.52px; opacity: 1; transition-property: opacity, transform; transition-duration: 0.4s; transition-delay: 0ms;"><div _ngcontent-wkf-c236="" class="wrapper ng-star-inserted"><!----><header _ngcontent-wkf-c236="" class="header"><img _ngcontent-wkf-c236="" class="hidded" src="https://cstatic.transgourmet.fr/tg-ecommerce/images/products/detail/216413.jpg"><a _ngcontent-wkf-c236=""><img _ngcontent-wkf-c236="" class="visuel ng-star-inserted" src="https://cstatic.transgourmet.fr/tg-ecommerce/images/products/detail/216413.jpg"><!----><!----><!----></a><eg-product-info-pictos _ngcontent-wkf-c236="" _nghost-wkf-c203=""><div _ngcontent-wkf-c203="" id="infos-special-pictos"><img _ngcontent-wkf-c203="" alt="veggie" src="assets/images/picto-veggie-web-blanc.png" class="ng-star-inserted"><!----><!----></div></eg-product-info-pictos></header><div _ngcontent-wkf-c236="" class="body"><eg-products-info-top-cartouche _ngcontent-wkf-c236="" _nghost-wkf-c199="" class="ng-star-inserted"><!----></eg-products-info-top-cartouche><!----><div _ngcontent-wkf-c236="" class="labels"><div _ngcontent-wkf-c236="" class="labels-container"></div><eg-products-info-top-fide _ngcontent-wkf-c236="" _nghost-wkf-c200=""><!----></eg-products-info-top-fide></div><div _ngcontent-wkf-c236="" id="category"><h5 _ngcontent-wkf-c236="" class="category"><span _ngcontent-wkf-c236="" class="txt ng-star-inserted">FLECHARD</span><!----><!----></h5><eg-product-temperature-block _ngcontent-wkf-c236="" _nghost-wkf-c202=""><img _ngcontent-wkf-c202="" src="https://cstatic.transgourmet.fr/tg-ecommerce/images/picto-frais.png" alt="Frais" title="Frais" class="pictoImg ng-star-inserted"><!----><!----><!----><!----></eg-product-temperature-block></div><div _ngcontent-wkf-c236="" class="title-wrapper"><a _ngcontent-wkf-c236=""><h3 _ngcontent-wkf-c236="" class="title">Beurre grand tourage 82 % m.g.</h3><h3 _ngcontent-wkf-c236="" class="title ng-star-inserted"> plaque de 2 kg </h3><!----></a></div><p _ngcontent-wkf-c236="" class="text"> Plaque de 2 kg.<br _ngcontent-wkf-c236="" class="ng-star-inserted"><!----> Colis de 5 plaques.<br _ngcontent-wkf-c236="" class="ng-star-inserted"><!----><!----><!----><!----></p><footer _ngcontent-wkf-c236=""><eg-gabarit-price _ngcontent-wkf-c236="" _nghost-wkf-c235="" class="ng-star-inserted"><div _ngcontent-wkf-c235="" class="price"> 101,80€ <!----></div><div _ngcontent-wkf-c235="" class="extra-wrapper"><div _ngcontent-wkf-c235="" class="extra"><div _ngcontent-wkf-c235=""><strong _ngcontent-wkf-c235=""><eg-product-trade-prices _ngcontent-wkf-c235="" _nghost-wkf-c155=""><div _ngcontent-wkf-c155="" class="prices-unity">Soit 10,18€ / kg </div><div _ngcontent-wkf-c155="" class="prices-unity prices-other ng-star-inserted">Soit 20,36€ / plaque
</div><!----><!----><!----></eg-product-trade-prices></strong> Code : 950489<br _ngcontent-wkf-c235=""></div></div><button _ngcontent-wkf-c235="" type="button" class="btn btn__icon__basic"><svg _ngcontent-wkf-c235="" xmlns="http://www.w3.org/2000/svg" viewBox="0 0 19 17.08" width="37" height="34"><path _ngcontent-wkf-c235="" d="M14.25,17.08a1.88,1.88,0,1,1,1.88-1.88A1.88,1.88,0,0,1,14.25,17.08Zm0-3.05a1.18,1.18,0,1,0,1.18,1.18A1.18,1.18,0,0,0,14.25,14Z"></path><path _ngcontent-wkf-c235="" d="M6.65,17.08A1.88,1.88,0,1,1,8.53,15.2,1.88,1.88,0,0,1,6.65,17.08Zm0-3.05A1.18,1.18,0,1,0,7.83,15.2,1.18,1.18,0,0,0,6.65,14Z"></path><path _ngcontent-wkf-c235="" d="M16.7,8.49,5.15,10,3.72,3H18Zm2.22-6a.41.41,0,0,0-.32-.15h-15l-.4-2c0-.15-.24-.31-.4-.31H.4A.37.37,0,0,0,0,.39.37.37,0,0,0,.4.77H2.45l1.9,9.42A2.77,2.77,0,0,0,7,12.35h9.1a.39.39,0,1,0,0-.77h-9a1.84,1.84,0,0,1-1.58-.85L17.1,9.19a.34.34,0,0,0,.32-.31L19,2.7A.37.37,0,0,0,18.92,2.47Z"></path></svg></button></div></eg-gabarit-price><!----></footer></div></div><!----></div><!----><!----><!----><!----><!----><!----></eg-gabarit-basic><!----><!----><eg-gabarit-basic _ngcontent-wkf-c237="" _nghost-wkf-c236="" id="masonry-item-15" class="ng-star-inserted"><div _ngcontent-wkf-c236="" ngxmasonryitem="" class="Beurre Crèmerie gabarit gabarit__xs gabarit__xs__1 grid-item Œufs ng-star-inserted" style="position: absolute; left: 0px; top: 3374.74px; opacity: 1; transition-property: opacity, transform; transition-duration: 0.4s; transition-delay: 0ms;"><div _ngcontent-wkf-c236="" class="wrapper ng-star-inserted"><!----><header _ngcontent-wkf-c236="" class="header"><img _ngcontent-wkf-c236="" class="hidded" src="https://cstatic.transgourmet.fr/tg-ecommerce/images/products/detail/258317.jpg"><a _ngcontent-wkf-c236=""><img _ngcontent-wkf-c236="" class="visuel ng-star-inserted" src="https://cstatic.transgourmet.fr/tg-ecommerce/images/products/detail/258317.jpg"><!----><!----><!----></a><eg-product-info-pictos _ngcontent-wkf-c236="" _nghost-wkf-c203=""><div _ngcontent-wkf-c203="" id="infos-special-pictos"><img _ngcontent-wkf-c203="" alt="veggie" src="assets/images/picto-veggie-web-blanc.png" class="ng-star-inserted"><!----><!----></div></eg-product-info-pictos></header><div _ngcontent-wkf-c236="" class="body"><eg-products-info-top-cartouche _ngcontent-wkf-c236="" _nghost-wkf-c199="" class="ng-star-inserted"><div _ngcontent-wkf-c199="" id="infos-top" class="d-flex justify-content-end infos-top infos-top-body infos-top-cartouche ng-star-inserted"><div _ngcontent-wkf-c199="" id="infos-top__stripe" class="d-flex align-items-center justify-content-center infos-top__stripe"><img _ngcontent-wkf-c199="" src="assets/images/cartouche/promo.png"></div></div><!----></eg-products-info-top-cartouche><!----><div _ngcontent-wkf-c236="" class="labels"><div _ngcontent-wkf-c236="" class="labels-container"></div><eg-products-info-top-fide _ngcontent-wkf-c236="" _nghost-wkf-c200=""><!----></eg-products-info-top-fide></div><div _ngcontent-wkf-c236="" id="category"><h5 _ngcontent-wkf-c236="" class="category"><span _ngcontent-wkf-c236="" class="txt ng-star-inserted">PRESIDENT PRO</span><!----><!----></h5><eg-product-temperature-block _ngcontent-wkf-c236="" _nghost-wkf-c202=""><img _ngcontent-wkf-c202="" src="https://cstatic.transgourmet.fr/tg-ecommerce/images/picto-frais.png" alt="Frais" title="Frais" class="pictoImg ng-star-inserted"><!----><!----><!----><!----></eg-product-temperature-block></div><div _ngcontent-wkf-c236="" class="title-wrapper"><a _ngcontent-wkf-c236=""><h3 _ngcontent-wkf-c236="" class="title">Crème anglaise vanille
bourbon
avec grains de vanille</h3><!----></a></div><p _ngcontent-wkf-c236="" class="text"> Par bouteille de 1 litre.<br _ngcontent-wkf-c236="" class="ng-star-inserted"><!----> Colis de 6 bouteilles.<br _ngcontent-wkf-c236="" class="ng-star-inserted"><!----><!----><!----><!----></p><footer _ngcontent-wkf-c236=""><eg-gabarit-price _ngcontent-wkf-c236="" _nghost-wkf-c235="" class="ng-star-inserted"><div _ngcontent-wkf-c235="" class="price"> 3,15€ <!----></div><div _ngcontent-wkf-c235="" class="extra-wrapper"><div _ngcontent-wkf-c235="" class="extra"><div _ngcontent-wkf-c235=""><strong _ngcontent-wkf-c235=""><eg-product-trade-prices _ngcontent-wkf-c235="" _nghost-wkf-c155=""><div _ngcontent-wkf-c155="" class="prices-unity">Soit 3,15€ / L </div><!----><!----><!----></eg-product-trade-prices></strong> Code : 833642<br _ngcontent-wkf-c235=""></div></div><button _ngcontent-wkf-c235="" type="button" class="btn btn__icon__basic"><svg _ngcontent-wkf-c235="" xmlns="http://www.w3.org/2000/svg" viewBox="0 0 19 17.08" width="37" height="34"><path _ngcontent-wkf-c235="" d="M14.25,17.08a1.88,1.88,0,1,1,1.88-1.88A1.88,1.88,0,0,1,14.25,17.08Zm0-3.05a1.18,1.18,0,1,0,1.18,1.18A1.18,1.18,0,0,0,14.25,14Z"></path><path _ngcontent-wkf-c235="" d="M6.65,17.08A1.88,1.88,0,1,1,8.53,15.2,1.88,1.88,0,0,1,6.65,17.08Zm0-3.05A1.18,1.18,0,1,0,7.83,15.2,1.18,1.18,0,0,0,6.65,14Z"></path><path _ngcontent-wkf-c235="" d="M16.7,8.49,5.15,10,3.72,3H18Zm2.22-6a.41.41,0,0,0-.32-.15h-15l-.4-2c0-.15-.24-.31-.4-.31H.4A.37.37,0,0,0,0,.39.37.37,0,0,0,.4.77H2.45l1.9,9.42A2.77,2.77,0,0,0,7,12.35h9.1a.39.39,0,1,0,0-.77h-9a1.84,1.84,0,0,1-1.58-.85L17.1,9.19a.34.34,0,0,0,.32-.31L19,2.7A.37.37,0,0,0,18.92,2.47Z"></path></svg></button></div></eg-gabarit-price><!----></footer></div></div><!----></div><!----><!----><!----><!----><!----><!----></eg-gabarit-basic><!----><!----><eg-gabarit-basic _ngcontent-wkf-c237="" _nghost-wkf-c236="" id="masonry-item-16" class="ng-star-inserted"><div _ngcontent-wkf-c236="" ngxmasonryitem="" class="Beurre Crèmerie gabarit gabarit__xs gabarit__xs__1 grid-item Œufs ng-star-inserted" style="position: absolute; left: 201px; top: 3374.74px; opacity: 1; transition-property: opacity, transform; transition-duration: 0.4s; transition-delay: 0ms;"><div _ngcontent-wkf-c236="" class="wrapper ng-star-inserted"><!----><header _ngcontent-wkf-c236="" class="header"><img _ngcontent-wkf-c236="" class="hidded" src="https://cstatic.transgourmet.fr/tg-ecommerce/images/products/detail/226048.jpg"><a _ngcontent-wkf-c236=""><img _ngcontent-wkf-c236="" class="visuel ng-star-inserted" src="https://cstatic.transgourmet.fr/tg-ecommerce/images/products/detail/226048.jpg"><!----><!----><!----></a><eg-product-info-pictos _ngcontent-wkf-c236="" _nghost-wkf-c203=""><div _ngcontent-wkf-c203="" id="infos-special-pictos"><img _ngcontent-wkf-c203="" alt="veggie" src="assets/images/picto-veggie-web-blanc.png" class="ng-star-inserted"><!----><!----></div></eg-product-info-pictos></header><div _ngcontent-wkf-c236="" class="body"><eg-products-info-top-cartouche _ngcontent-wkf-c236="" _nghost-wkf-c199="" class="ng-star-inserted"><!----></eg-products-info-top-cartouche><!----><div _ngcontent-wkf-c236="" class="labels"><div _ngcontent-wkf-c236="" class="labels-container"></div><eg-products-info-top-fide _ngcontent-wkf-c236="" _nghost-wkf-c200=""><!----></eg-products-info-top-fide></div><div _ngcontent-wkf-c236="" id="category"><h5 _ngcontent-wkf-c236="" class="category"><span _ngcontent-wkf-c236="" class="txt ng-star-inserted">FLECHARD</span><!----><!----></h5><eg-product-temperature-block _ngcontent-wkf-c236="" _nghost-wkf-c202=""><img _ngcontent-wkf-c202="" src="https://cstatic.transgourmet.fr/tg-ecommerce/images/picto-frais.png" alt="Frais" title="Frais" class="pictoImg ng-star-inserted"><!----><!----><!----><!----></eg-product-temperature-block></div><div _ngcontent-wkf-c236="" class="title-wrapper"><a _ngcontent-wkf-c236=""><h3 _ngcontent-wkf-c236="" class="title">Beurre doux lingot</h3><h3 _ngcontent-wkf-c236="" class="title ng-star-inserted"> pain de 1 kg </h3><!----></a></div><p _ngcontent-wkf-c236="" class="text"> Pain de 1 kg.<br _ngcontent-wkf-c236="" class="ng-star-inserted"><!----> Colis de 10 pains.<br _ngcontent-wkf-c236="" class="ng-star-inserted"><!----><!----><!----><!----></p><footer _ngcontent-wkf-c236=""><eg-gabarit-price _ngcontent-wkf-c236="" _nghost-wkf-c235="" class="ng-star-inserted"><div _ngcontent-wkf-c235="" class="price"> 98,80€ <!----></div><div _ngcontent-wkf-c235="" class="extra-wrapper"><div _ngcontent-wkf-c235="" class="extra"><div _ngcontent-wkf-c235=""><strong _ngcontent-wkf-c235=""><eg-product-trade-prices _ngcontent-wkf-c235="" _nghost-wkf-c155=""><div _ngcontent-wkf-c155="" class="prices-unity">Soit 9,88€ / kg </div><div _ngcontent-wkf-c155="" class="prices-unity prices-other ng-star-inserted">Soit 9,88€ / pain
</div><!----><!----><!----></eg-product-trade-prices></strong> Code : 664987<br _ngcontent-wkf-c235=""></div></div><button _ngcontent-wkf-c235="" type="button" class="btn btn__icon__basic"><svg _ngcontent-wkf-c235="" xmlns="http://www.w3.org/2000/svg" viewBox="0 0 19 17.08" width="37" height="34"><path _ngcontent-wkf-c235="" d="M14.25,17.08a1.88,1.88,0,1,1,1.88-1.88A1.88,1.88,0,0,1,14.25,17.08Zm0-3.05a1.18,1.18,0,1,0,1.18,1.18A1.18,1.18,0,0,0,14.25,14Z"></path><path _ngcontent-wkf-c235="" d="M6.65,17.08A1.88,1.88,0,1,1,8.53,15.2,1.88,1.88,0,0,1,6.65,17.08Zm0-3.05A1.18,1.18,0,1,0,7.83,15.2,1.18,1.18,0,0,0,6.65,14Z"></path><path _ngcontent-wkf-c235="" d="M16.7,8.49,5.15,10,3.72,3H18Zm2.22-6a.41.41,0,0,0-.32-.15h-15l-.4-2c0-.15-.24-.31-.4-.31H.4A.37.37,0,0,0,0,.39.37.37,0,0,0,.4.77H2.45l1.9,9.42A2.77,2.77,0,0,0,7,12.35h9.1a.39.39,0,1,0,0-.77h-9a1.84,1.84,0,0,1-1.58-.85L17.1,9.19a.34.34,0,0,0,.32-.31L19,2.7A.37.37,0,0,0,18.92,2.47Z"></path></svg></button></div></eg-gabarit-price><!----></footer></div></div><!----></div><!----><!----><!----><!----><!----><!----></eg-gabarit-basic><!----><!----><eg-gabarit-basic _ngcontent-wkf-c237="" _nghost-wkf-c236="" id="masonry-item-17" class="ng-star-inserted"><div _ngcontent-wkf-c236="" ngxmasonryitem="" class="Beurre Crèmerie gabarit gabarit__xs gabarit__xs__1 grid-item Œufs ng-star-inserted" style="position: absolute; left: 0px; top: 3754.95px; opacity: 1; transition-property: opacity, transform; transition-duration: 0.4s; transition-delay: 0ms;"><div _ngcontent-wkf-c236="" class="wrapper ng-star-inserted"><!----><header _ngcontent-wkf-c236="" class="header"><img _ngcontent-wkf-c236="" class="hidded" src="https://cstatic.transgourmet.fr/tg-ecommerce/images/products/detail/205033.jpg"><a _ngcontent-wkf-c236=""><img _ngcontent-wkf-c236="" class="visuel ng-star-inserted" src="https://cstatic.transgourmet.fr/tg-ecommerce/images/products/detail/205033.jpg"><!----><!----><!----></a><eg-product-info-pictos _ngcontent-wkf-c236="" _nghost-wkf-c203=""><div _ngcontent-wkf-c203="" id="infos-special-pictos"><img _ngcontent-wkf-c203="" alt="veggie" src="assets/images/picto-veggie-web-blanc.png" class="ng-star-inserted"><!----><!----></div></eg-product-info-pictos></header><div _ngcontent-wkf-c236="" class="body"><eg-products-info-top-cartouche _ngcontent-wkf-c236="" _nghost-wkf-c199="" class="ng-star-inserted"><!----></eg-products-info-top-cartouche><!----><div _ngcontent-wkf-c236="" class="labels"><div _ngcontent-wkf-c236="" class="labels-container"></div><eg-products-info-top-fide _ngcontent-wkf-c236="" _nghost-wkf-c200=""><!----></eg-products-info-top-fide></div><div _ngcontent-wkf-c236="" id="category"><h5 _ngcontent-wkf-c236="" class="category"><span _ngcontent-wkf-c236="" class="txt ng-star-inserted">FLECHARD</span><!----><!----></h5><eg-product-temperature-block _ngcontent-wkf-c236="" _nghost-wkf-c202=""><img _ngcontent-wkf-c202="" src="https://cstatic.transgourmet.fr/tg-ecommerce/images/picto-frais.png" alt="Frais" title="Frais" class="pictoImg ng-star-inserted"><!----><!----><!----><!----></eg-product-temperature-block></div><div _ngcontent-wkf-c236="" class="title-wrapper"><a _ngcontent-wkf-c236=""><h3 _ngcontent-wkf-c236="" class="title">Beurre Flechard or lingot</h3><h3 _ngcontent-wkf-c236="" class="title ng-star-inserted"> pain de 1 kg </h3><!----></a></div><p _ngcontent-wkf-c236="" class="text"> Pain de 1 kg.<br _ngcontent-wkf-c236="" class="ng-star-inserted"><!----> Colis de 10 pains.<br _ngcontent-wkf-c236="" class="ng-star-inserted"><!----><!----><!----><!----></p><footer _ngcontent-wkf-c236=""><eg-gabarit-price _ngcontent-wkf-c236="" _nghost-wkf-c235="" class="ng-star-inserted"><div _ngcontent-wkf-c235="" class="price"> 99,30€ <!----></div><div _ngcontent-wkf-c235="" class="extra-wrapper"><div _ngcontent-wkf-c235="" class="extra"><div _ngcontent-wkf-c235=""><strong _ngcontent-wkf-c235=""><eg-product-trade-prices _ngcontent-wkf-c235="" _nghost-wkf-c155=""><div _ngcontent-wkf-c155="" class="prices-unity">Soit 9,93€ / kg </div><div _ngcontent-wkf-c155="" class="prices-unity prices-other ng-star-inserted">Soit 9,93€ / pain
</div><!----><!----><!----></eg-product-trade-prices></strong> Code : 664524<br _ngcontent-wkf-c235=""></div></div><button _ngcontent-wkf-c235="" type="button" class="btn btn__icon__basic"><svg _ngcontent-wkf-c235="" xmlns="http://www.w3.org/2000/svg" viewBox="0 0 19 17.08" width="37" height="34"><path _ngcontent-wkf-c235="" d="M14.25,17.08a1.88,1.88,0,1,1,1.88-1.88A1.88,1.88,0,0,1,14.25,17.08Zm0-3.05a1.18,1.18,0,1,0,1.18,1.18A1.18,1.18,0,0,0,14.25,14Z"></path><path _ngcontent-wkf-c235="" d="M6.65,17.08A1.88,1.88,0,1,1,8.53,15.2,1.88,1.88,0,0,1,6.65,17.08Zm0-3.05A1.18,1.18,0,1,0,7.83,15.2,1.18,1.18,0,0,0,6.65,14Z"></path><path _ngcontent-wkf-c235="" d="M16.7,8.49,5.15,10,3.72,3H18Zm2.22-6a.41.41,0,0,0-.32-.15h-15l-.4-2c0-.15-.24-.31-.4-.31H.4A.37.37,0,0,0,0,.39.37.37,0,0,0,.4.77H2.45l1.9,9.42A2.77,2.77,0,0,0,7,12.35h9.1a.39.39,0,1,0,0-.77h-9a1.84,1.84,0,0,1-1.58-.85L17.1,9.19a.34.34,0,0,0,.32-.31L19,2.7A.37.37,0,0,0,18.92,2.47Z"></path></svg></button></div></eg-gabarit-price><!----></footer></div></div><!----></div><!----><!----><!----><!----><!----><!----></eg-gabarit-basic><!----><!----><eg-gabarit-basic _ngcontent-wkf-c237="" _nghost-wkf-c236="" id="masonry-item-18" class="ng-star-inserted"><div _ngcontent-wkf-c236="" ngxmasonryitem="" class="Beurre Crèmerie gabarit gabarit__xs gabarit__xs__1 grid-item Œufs ng-star-inserted" style="position: absolute; left: 201px; top: 3745.95px; opacity: 1; transition-property: opacity, transform; transition-duration: 0.4s; transition-delay: 0ms;"><div _ngcontent-wkf-c236="" class="wrapper ng-star-inserted"><!----><header _ngcontent-wkf-c236="" class="header"><img _ngcontent-wkf-c236="" class="hidded" src="https://cstatic.transgourmet.fr/tg-ecommerce/images/products/detail/211472.jpg"><a _ngcontent-wkf-c236=""><img _ngcontent-wkf-c236="" class="visuel ng-star-inserted" src="https://cstatic.transgourmet.fr/tg-ecommerce/images/products/detail/211472.jpg"><!----><!----><!----></a><eg-product-info-pictos _ngcontent-wkf-c236="" _nghost-wkf-c203=""><div _ngcontent-wkf-c203="" id="infos-special-pictos"><img _ngcontent-wkf-c203="" alt="veggie" src="assets/images/picto-veggie-web-blanc.png" class="ng-star-inserted"><!----><!----></div></eg-product-info-pictos></header><div _ngcontent-wkf-c236="" class="body"><eg-products-info-top-cartouche _ngcontent-wkf-c236="" _nghost-wkf-c199="" class="ng-star-inserted"><!----></eg-products-info-top-cartouche><!----><div _ngcontent-wkf-c236="" class="labels"><div _ngcontent-wkf-c236="" class="labels-container"></div><eg-products-info-top-fide _ngcontent-wkf-c236="" _nghost-wkf-c200=""><!----></eg-products-info-top-fide></div><div _ngcontent-wkf-c236="" id="category"><h5 _ngcontent-wkf-c236="" class="category"><span _ngcontent-wkf-c236="" class="txt ng-star-inserted">FLECHARD</span><!----><!----></h5><eg-product-temperature-block _ngcontent-wkf-c236="" _nghost-wkf-c202=""><img _ngcontent-wkf-c202="" src="https://cstatic.transgourmet.fr/tg-ecommerce/images/picto-frais.png" alt="Frais" title="Frais" class="pictoImg ng-star-inserted"><!----><!----><!----><!----></eg-product-temperature-block></div><div _ngcontent-wkf-c236="" class="title-wrapper"><a _ngcontent-wkf-c236=""><h3 _ngcontent-wkf-c236="" class="title">Beurre tourage Flechard or</h3><h3 _ngcontent-wkf-c236="" class="title ng-star-inserted"> plaque de 1 kg </h3><!----></a></div><p _ngcontent-wkf-c236="" class="text"> Plaque de 1 kg.<br _ngcontent-wkf-c236="" class="ng-star-inserted"><!----> Colis de 10 plaques.<br _ngcontent-wkf-c236="" class="ng-star-inserted"><!----><!----><!----><!----></p><footer _ngcontent-wkf-c236=""><eg-gabarit-price _ngcontent-wkf-c236="" _nghost-wkf-c235="" class="ng-star-inserted"><div _ngcontent-wkf-c235="" class="price"> 112,50€ <!----></div><div _ngcontent-wkf-c235="" class="extra-wrapper"><div _ngcontent-wkf-c235="" class="extra"><div _ngcontent-wkf-c235=""><strong _ngcontent-wkf-c235=""><eg-product-trade-prices _ngcontent-wkf-c235="" _nghost-wkf-c155=""><div _ngcontent-wkf-c155="" class="prices-unity">Soit 11,25€ / kg </div><div _ngcontent-wkf-c155="" class="prices-unity prices-other ng-star-inserted">Soit 11,25€ / plaque
</div><!----><!----><!----></eg-product-trade-prices></strong> Code : 664508<br _ngcontent-wkf-c235=""></div></div><button _ngcontent-wkf-c235="" type="button" class="btn btn__icon__basic"><svg _ngcontent-wkf-c235="" xmlns="http://www.w3.org/2000/svg" viewBox="0 0 19 17.08" width="37" height="34"><path _ngcontent-wkf-c235="" d="M14.25,17.08a1.88,1.88,0,1,1,1.88-1.88A1.88,1.88,0,0,1,14.25,17.08Zm0-3.05a1.18,1.18,0,1,0,1.18,1.18A1.18,1.18,0,0,0,14.25,14Z"></path><path _ngcontent-wkf-c235="" d="M6.65,17.08A1.88,1.88,0,1,1,8.53,15.2,1.88,1.88,0,0,1,6.65,17.08Zm0-3.05A1.18,1.18,0,1,0,7.83,15.2,1.18,1.18,0,0,0,6.65,14Z"></path><path _ngcontent-wkf-c235="" d="M16.7,8.49,5.15,10,3.72,3H18Zm2.22-6a.41.41,0,0,0-.32-.15h-15l-.4-2c0-.15-.24-.31-.4-.31H.4A.37.37,0,0,0,0,.39.37.37,0,0,0,.4.77H2.45l1.9,9.42A2.77,2.77,0,0,0,7,12.35h9.1a.39.39,0,1,0,0-.77h-9a1.84,1.84,0,0,1-1.58-.85L17.1,9.19a.34.34,0,0,0,.32-.31L19,2.7A.37.37,0,0,0,18.92,2.47Z"></path></svg></button></div></eg-gabarit-price><!----></footer></div></div><!----></div><!----><!----><!----><!----><!----><!----></eg-gabarit-basic><!----><!----><eg-gabarit-basic _ngcontent-wkf-c237="" _nghost-wkf-c236="" id="masonry-item-19" class="ng-star-inserted"><div _ngcontent-wkf-c236="" ngxmasonryitem="" class="Beurre Crèmerie gabarit gabarit__xs gabarit__xs__1 grid-item Œufs ng-star-inserted" style="position: absolute; left: 0px; top: 4140.17px; opacity: 1; transition-property: opacity, transform; transition-duration: 0.4s; transition-delay: 0ms;"><div _ngcontent-wkf-c236="" class="wrapper ng-star-inserted"><!----><header _ngcontent-wkf-c236="" class="header"><img _ngcontent-wkf-c236="" class="hidded" src="https://cstatic.transgourmet.fr/tg-ecommerce/images/products/detail/203777.jpg"><a _ngcontent-wkf-c236=""><img _ngcontent-wkf-c236="" class="visuel ng-star-inserted" src="https://cstatic.transgourmet.fr/tg-ecommerce/images/products/detail/203777.jpg"><!----><!----><!----></a><eg-product-info-pictos _ngcontent-wkf-c236="" _nghost-wkf-c203=""><div _ngcontent-wkf-c203="" id="infos-special-pictos"><!----><!----></div></eg-product-info-pictos></header><div _ngcontent-wkf-c236="" class="body"><eg-products-info-top-cartouche _ngcontent-wkf-c236="" _nghost-wkf-c199="" class="ng-star-inserted"><div _ngcontent-wkf-c199="" id="infos-top" class="d-flex justify-content-end infos-top infos-top-body infos-top-cartouche ng-star-inserted"><div _ngcontent-wkf-c199="" id="infos-top__stripe" class="d-flex align-items-center justify-content-center infos-top__stripe"><img _ngcontent-wkf-c199="" src="assets/images/cartouche/promo.png"></div></div><!----></eg-products-info-top-cartouche><!----><div _ngcontent-wkf-c236="" class="labels"><div _ngcontent-wkf-c236="" class="labels-container"></div><eg-products-info-top-fide _ngcontent-wkf-c236="" _nghost-wkf-c200=""><!----></eg-products-info-top-fide></div><div _ngcontent-wkf-c236="" id="category"><h5 _ngcontent-wkf-c236="" class="category"><span _ngcontent-wkf-c236="" class="txt ng-star-inserted">GALBANI PRO</span><!----><!----></h5><eg-product-temperature-block _ngcontent-wkf-c236="" _nghost-wkf-c202=""><img _ngcontent-wkf-c202="" src="https://cstatic.transgourmet.fr/tg-ecommerce/images/picto-frais.png" alt="Frais" title="Frais" class="pictoImg ng-star-inserted"><!----><!----><!----><!----></eg-product-temperature-block></div><div _ngcontent-wkf-c236="" class="title-wrapper"><a _ngcontent-wkf-c236=""><h3 _ngcontent-wkf-c236="" class="title">Mini boule de mozzarella
14 % m.g.</h3><h3 _ngcontent-wkf-c236="" class="title ng-star-inserted"> boule de 8 g </h3><!----></a></div><p _ngcontent-wkf-c236="" class="text"> Par seau de 1 kg.<br _ngcontent-wkf-c236="" class="ng-star-inserted"><!----> Colis de 4 seaux.<br _ngcontent-wkf-c236="" class="ng-star-inserted"><!----><!----><!----><!----></p><footer _ngcontent-wkf-c236=""><eg-gabarit-price _ngcontent-wkf-c236="" _nghost-wkf-c235="" class="ng-star-inserted"><div _ngcontent-wkf-c235="" class="price"> 10,55€ <!----></div><div _ngcontent-wkf-c235="" class="extra-wrapper"><div _ngcontent-wkf-c235="" class="extra"><div _ngcontent-wkf-c235=""><strong _ngcontent-wkf-c235=""><eg-product-trade-prices _ngcontent-wkf-c235="" _nghost-wkf-c155=""><div _ngcontent-wkf-c155="" class="prices-unity">Soit 10,55€ / kg </div><!----><!----><!----></eg-product-trade-prices></strong> Code : 653311<br _ngcontent-wkf-c235=""></div></div><button _ngcontent-wkf-c235="" type="button" class="btn btn__icon__basic"><svg _ngcontent-wkf-c235="" xmlns="http://www.w3.org/2000/svg" viewBox="0 0 19 17.08" width="37" height="34"><path _ngcontent-wkf-c235="" d="M14.25,17.08a1.88,1.88,0,1,1,1.88-1.88A1.88,1.88,0,0,1,14.25,17.08Zm0-3.05a1.18,1.18,0,1,0,1.18,1.18A1.18,1.18,0,0,0,14.25,14Z"></path><path _ngcontent-wkf-c235="" d="M6.65,17.08A1.88,1.88,0,1,1,8.53,15.2,1.88,1.88,0,0,1,6.65,17.08Zm0-3.05A1.18,1.18,0,1,0,7.83,15.2,1.18,1.18,0,0,0,6.65,14Z"></path><path _ngcontent-wkf-c235="" d="M16.7,8.49,5.15,10,3.72,3H18Zm2.22-6a.41.41,0,0,0-.32-.15h-15l-.4-2c0-.15-.24-.31-.4-.31H.4A.37.37,0,0,0,0,.39.37.37,0,0,0,.4.77H2.45l1.9,9.42A2.77,2.77,0,0,0,7,12.35h9.1a.39.39,0,1,0,0-.77h-9a1.84,1.84,0,0,1-1.58-.85L17.1,9.19a.34.34,0,0,0,.32-.31L19,2.7A.37.37,0,0,0,18.92,2.47Z"></path></svg></button></div></eg-gabarit-price><!----></footer></div></div><!----></div><!----><!----><!----><!----><!----><!----></eg-gabarit-basic><!----><!----><eg-gabarit-basic _ngcontent-wkf-c237="" _nghost-wkf-c236="" id="masonry-item-20" class="ng-star-inserted"><div _ngcontent-wkf-c236="" ngxmasonryitem="" class="Beurre Crèmerie gabarit gabarit__xs gabarit__xs__1 grid-item Œufs ng-star-inserted" style="position: absolute; left: 201px; top: 4131.17px; opacity: 1; transition-property: opacity, transform; transition-duration: 0.4s; transition-delay: 0ms;"><div _ngcontent-wkf-c236="" class="wrapper ng-star-inserted"><!----><header _ngcontent-wkf-c236="" class="header"><img _ngcontent-wkf-c236="" class="hidded" src="https://cstatic.transgourmet.fr/tg-ecommerce/images/products/detail/254749.jpg"><a _ngcontent-wkf-c236=""><img _ngcontent-wkf-c236="" class="visuel ng-star-inserted" src="https://cstatic.transgourmet.fr/tg-ecommerce/images/products/detail/254749.jpg"><!----><!----><!----></a><eg-product-info-pictos _ngcontent-wkf-c236="" _nghost-wkf-c203=""><div _ngcontent-wkf-c203="" id="infos-special-pictos"><!----><!----></div></eg-product-info-pictos></header><div _ngcontent-wkf-c236="" class="body"><eg-products-info-top-cartouche _ngcontent-wkf-c236="" _nghost-wkf-c199="" class="ng-star-inserted"><div _ngcontent-wkf-c199="" id="infos-top" class="d-flex justify-content-end infos-top infos-top-body infos-top-cartouche ng-star-inserted"><div _ngcontent-wkf-c199="" id="infos-top__stripe" class="d-flex align-items-center justify-content-center infos-top__stripe"><img _ngcontent-wkf-c199="" src="assets/images/cartouche/promo.png"></div></div><!----></eg-products-info-top-cartouche><!----><div _ngcontent-wkf-c236="" class="labels"><div _ngcontent-wkf-c236="" class="labels-container"></div><eg-products-info-top-fide _ngcontent-wkf-c236="" _nghost-wkf-c200=""><div _ngcontent-wkf-c200="" id="info-top-fide" class="d-flex flex-row justify-content-end ng-star-inserted"><div _ngcontent-wkf-c200="" class="d-flex flex-row-reverse justify-content-between w-100"><div _ngcontent-wkf-c200="" class="order-2 points-gourmets ng-star-inserted" title="1 points /&nbsp;sachet"><div _ngcontent-wkf-c200="" class="points">1</div><div _ngcontent-wkf-c200="" class="unit carre"><span _ngcontent-wkf-c200="">/&nbsp;sachet</span></div><img _ngcontent-wkf-c200="" src="assets/images/points-gourmets.553b6337.jpg" alt=""></div><!----><!----></div></div><!----></eg-products-info-top-fide></div><div _ngcontent-wkf-c236="" id="category"><h5 _ngcontent-wkf-c236="" class="category"><span _ngcontent-wkf-c236="" class="txt ng-star-inserted">AMBROSI</span><!----><!----></h5><eg-product-temperature-block _ngcontent-wkf-c236="" _nghost-wkf-c202=""><img _ngcontent-wkf-c202="" src="https://cstatic.transgourmet.fr/tg-ecommerce/images/picto-frais.png" alt="Frais" title="Frais" class="pictoImg ng-star-inserted"><!----><!----><!----><!----></eg-product-temperature-block></div><div _ngcontent-wkf-c236="" class="title-wrapper"><a _ngcontent-wkf-c236=""><h3 _ngcontent-wkf-c236="" class="title">Parmigiano reggiano aop rubans
32 % m.g.</h3><!----></a></div><p _ngcontent-wkf-c236="" class="text"> Par sachet de 500 g.<br _ngcontent-wkf-c236="" class="ng-star-inserted"><!----> Colis de 6 sachets.<br _ngcontent-wkf-c236="" class="ng-star-inserted"><!----><!----><!----><!----></p><footer _ngcontent-wkf-c236=""><eg-gabarit-price _ngcontent-wkf-c236="" _nghost-wkf-c235="" class="ng-star-inserted"><div _ngcontent-wkf-c235="" class="price"> 11,44€ <!----></div><div _ngcontent-wkf-c235="" class="extra-wrapper"><div _ngcontent-wkf-c235="" class="extra"><div _ngcontent-wkf-c235=""><strong _ngcontent-wkf-c235=""><eg-product-trade-prices _ngcontent-wkf-c235="" _nghost-wkf-c155=""><div _ngcontent-wkf-c155="" class="prices-unity">Soit 22,88€ / kg </div><!----><!----><!----></eg-product-trade-prices></strong> Code : 638890<br _ngcontent-wkf-c235=""></div></div><button _ngcontent-wkf-c235="" type="button" class="btn btn__icon__basic"><svg _ngcontent-wkf-c235="" xmlns="http://www.w3.org/2000/svg" viewBox="0 0 19 17.08" width="37" height="34"><path _ngcontent-wkf-c235="" d="M14.25,17.08a1.88,1.88,0,1,1,1.88-1.88A1.88,1.88,0,0,1,14.25,17.08Zm0-3.05a1.18,1.18,0,1,0,1.18,1.18A1.18,1.18,0,0,0,14.25,14Z"></path><path _ngcontent-wkf-c235="" d="M6.65,17.08A1.88,1.88,0,1,1,8.53,15.2,1.88,1.88,0,0,1,6.65,17.08Zm0-3.05A1.18,1.18,0,1,0,7.83,15.2,1.18,1.18,0,0,0,6.65,14Z"></path><path _ngcontent-wkf-c235="" d="M16.7,8.49,5.15,10,3.72,3H18Zm2.22-6a.41.41,0,0,0-.32-.15h-15l-.4-2c0-.15-.24-.31-.4-.31H.4A.37.37,0,0,0,0,.39.37.37,0,0,0,.4.77H2.45l1.9,9.42A2.77,2.77,0,0,0,7,12.35h9.1a.39.39,0,1,0,0-.77h-9a1.84,1.84,0,0,1-1.58-.85L17.1,9.19a.34.34,0,0,0,.32-.31L19,2.7A.37.37,0,0,0,18.92,2.47Z"></path></svg></button></div></eg-gabarit-price><!----></footer></div></div><!----></div><!----><!----><!----><!----><!----><!----></eg-gabarit-basic><!----><!----><eg-gabarit-basic _ngcontent-wkf-c237="" _nghost-wkf-c236="" id="masonry-item-21" class="ng-star-inserted"><div _ngcontent-wkf-c236="" ngxmasonryitem="" class="Beurre Crèmerie gabarit gabarit__xs gabarit__xs__1 grid-item Œufs ng-star-inserted" style="position: absolute; left: 0px; top: 4525.39px; opacity: 1; transition-property: opacity, transform; transition-duration: 0.4s; transition-delay: 0ms;"><div _ngcontent-wkf-c236="" class="wrapper ng-star-inserted"><!----><header _ngcontent-wkf-c236="" class="header"><img _ngcontent-wkf-c236="" class="hidded" src="https://cstatic.transgourmet.fr/tg-ecommerce/images/products/detail/204205.jpg"><a _ngcontent-wkf-c236=""><img _ngcontent-wkf-c236="" class="visuel ng-star-inserted" src="https://cstatic.transgourmet.fr/tg-ecommerce/images/products/detail/204205.jpg"><!----><!----><!----></a><eg-product-info-pictos _ngcontent-wkf-c236="" _nghost-wkf-c203=""><div _ngcontent-wkf-c203="" id="infos-special-pictos"><img _ngcontent-wkf-c203="" alt="veggie" src="assets/images/picto-veggie-web-blanc.png" class="ng-star-inserted"><!----><!----></div></eg-product-info-pictos></header><div _ngcontent-wkf-c236="" class="body"><eg-products-info-top-cartouche _ngcontent-wkf-c236="" _nghost-wkf-c199="" class="ng-star-inserted"><!----></eg-products-info-top-cartouche><!----><div _ngcontent-wkf-c236="" class="labels"><div _ngcontent-wkf-c236="" class="labels-container"></div><eg-products-info-top-fide _ngcontent-wkf-c236="" _nghost-wkf-c200=""><div _ngcontent-wkf-c200="" id="info-top-fide" class="d-flex flex-row justify-content-end ng-star-inserted"><div _ngcontent-wkf-c200="" class="d-flex flex-row-reverse justify-content-between w-100"><!----><div _ngcontent-wkf-c200="" class="order-1 points-labo ng-star-inserted" title="1 points /&nbsp;motte"><div _ngcontent-wkf-c200="" class="points">1</div><div _ngcontent-wkf-c200="" class="unit labo"><span _ngcontent-wkf-c200="">/&nbsp;motte</span></div><img _ngcontent-wkf-c200="" src="assets/images/points-labo.54e2fda2.jpg" alt=""></div><!----></div></div><!----></eg-products-info-top-fide></div><div _ngcontent-wkf-c236="" id="category"><h5 _ngcontent-wkf-c236="" class="category"><span _ngcontent-wkf-c236="" class="txt ng-star-inserted">FLECHARD</span><!----><!----></h5><eg-product-temperature-block _ngcontent-wkf-c236="" _nghost-wkf-c202=""><img _ngcontent-wkf-c202="" src="https://cstatic.transgourmet.fr/tg-ecommerce/images/picto-frais.png" alt="Frais" title="Frais" class="pictoImg ng-star-inserted"><!----><!----><!----><!----></eg-product-temperature-block></div><div _ngcontent-wkf-c236="" class="title-wrapper"><a _ngcontent-wkf-c236=""><h3 _ngcontent-wkf-c236="" class="title">Beurre doux 82 % m.g.
Flechard</h3><h3 _ngcontent-wkf-c236="" class="title ng-star-inserted"> bloc de 10 kg </h3><!----></a></div><p _ngcontent-wkf-c236="" class="text"> Par motte de 10 kg.<br _ngcontent-wkf-c236="" class="ng-star-inserted"><!----><!----><!----><!----></p><footer _ngcontent-wkf-c236=""><eg-gabarit-price _ngcontent-wkf-c236="" _nghost-wkf-c235="" class="ng-star-inserted"><div _ngcontent-wkf-c235="" class="price"> 106,70€ <!----></div><div _ngcontent-wkf-c235="" class="extra-wrapper"><div _ngcontent-wkf-c235="" class="extra"><div _ngcontent-wkf-c235=""><strong _ngcontent-wkf-c235=""><eg-product-trade-prices _ngcontent-wkf-c235="" _nghost-wkf-c155=""><div _ngcontent-wkf-c155="" class="prices-unity">Soit 10,67€ / kg </div><!----><!----><!----></eg-product-trade-prices></strong> Code : 475871<br _ngcontent-wkf-c235=""></div></div><button _ngcontent-wkf-c235="" type="button" class="btn btn__icon__basic"><svg _ngcontent-wkf-c235="" xmlns="http://www.w3.org/2000/svg" viewBox="0 0 19 17.08" width="37" height="34"><path _ngcontent-wkf-c235="" d="M14.25,17.08a1.88,1.88,0,1,1,1.88-1.88A1.88,1.88,0,0,1,14.25,17.08Zm0-3.05a1.18,1.18,0,1,0,1.18,1.18A1.18,1.18,0,0,0,14.25,14Z"></path><path _ngcontent-wkf-c235="" d="M6.65,17.08A1.88,1.88,0,1,1,8.53,15.2,1.88,1.88,0,0,1,6.65,17.08Zm0-3.05A1.18,1.18,0,1,0,7.83,15.2,1.18,1.18,0,0,0,6.65,14Z"></path><path _ngcontent-wkf-c235="" d="M16.7,8.49,5.15,10,3.72,3H18Zm2.22-6a.41.41,0,0,0-.32-.15h-15l-.4-2c0-.15-.24-.31-.4-.31H.4A.37.37,0,0,0,0,.39.37.37,0,0,0,.4.77H2.45l1.9,9.42A2.77,2.77,0,0,0,7,12.35h9.1a.39.39,0,1,0,0-.77h-9a1.84,1.84,0,0,1-1.58-.85L17.1,9.19a.34.34,0,0,0,.32-.31L19,2.7A.37.37,0,0,0,18.92,2.47Z"></path></svg></button></div></eg-gabarit-price><!----></footer></div></div><!----></div><!----><!----><!----><!----><!----><!----></eg-gabarit-basic><!----><!----><!----></ngx-masonry><!----></div><!----></div><!----><!----><div _ngcontent-wkf-c237="" class="container container__catalogue ng-star-inserted"><div _ngcontent-wkf-c237="" class="ng-star-inserted"><div _ngcontent-wkf-c237="" class="title__catalogue"><h2 _ngcontent-wkf-c237="" class="text">Boissons</h2><div _ngcontent-wkf-c237="" class="badge_catalogue">21 produits</div></div><ngx-masonry _ngcontent-wkf-c237="" _nghost-wkf-c142="" class="ng-star-inserted" style="position: relative; height: 3426.24px;"><eg-gabarit-basic _ngcontent-wkf-c237="" _nghost-wkf-c236="" id="masonry-item-0" class="ng-star-inserted"><div _ngcontent-wkf-c236="" ngxmasonryitem="" class="Boissons gabarit gabarit__xs gabarit__xs__1 grid-item ng-star-inserted" style="position: absolute; left: 0px; top: 0px; opacity: 1; transition-property: opacity, transform; transition-duration: 0.4s; transition-delay: 0ms;"><div _ngcontent-wkf-c236="" class="wrapper ng-star-inserted"><!----><header _ngcontent-wkf-c236="" class="header"><img _ngcontent-wkf-c236="" class="hidded" src="https://cstatic.transgourmet.fr/tg-ecommerce/images/products/detail/255758.jpg"><a _ngcontent-wkf-c236=""><img _ngcontent-wkf-c236="" class="visuel ng-star-inserted" src="https://cstatic.transgourmet.fr/tg-ecommerce/images/products/detail/255758.jpg"><!----><!----><!----></a><eg-product-info-pictos _ngcontent-wkf-c236="" _nghost-wkf-c203=""><div _ngcontent-wkf-c203="" id="infos-special-pictos"><!----><!----></div></eg-product-info-pictos></header><div _ngcontent-wkf-c236="" class="body"><eg-products-info-top-cartouche _ngcontent-wkf-c236="" _nghost-wkf-c199="" class="ng-star-inserted"><div _ngcontent-wkf-c199="" id="infos-top" class="d-flex justify-content-end infos-top infos-top-body infos-top-cartouche ng-star-inserted"><div _ngcontent-wkf-c199="" id="infos-top__stripe" class="d-flex align-items-center justify-content-center infos-top__stripe"><img _ngcontent-wkf-c199="" src="assets/images/cartouche/promo.png"></div></div><!----></eg-products-info-top-cartouche><!----><div _ngcontent-wkf-c236="" class="labels"><div _ngcontent-wkf-c236="" class="labels-container"></div><eg-products-info-top-fide _ngcontent-wkf-c236="" _nghost-wkf-c200=""><!----></eg-products-info-top-fide></div><div _ngcontent-wkf-c236="" id="category"><h5 _ngcontent-wkf-c236="" class="category"><span _ngcontent-wkf-c236="" class="txt ng-star-inserted">VITTEL</span><!----><!----></h5><eg-product-temperature-block _ngcontent-wkf-c236="" _nghost-wkf-c202=""><!----><!----></eg-product-temperature-block></div><div _ngcontent-wkf-c236="" class="title-wrapper"><a _ngcontent-wkf-c236=""><h3 _ngcontent-wkf-c236="" class="title">Vittel up citron citron vert
bio</h3><!----></a></div><p _ngcontent-wkf-c236="" class="text"> Pièce de 500 ml.<br _ngcontent-wkf-c236="" class="ng-star-inserted"><!----> Colis de 24 pièces.<br _ngcontent-wkf-c236="" class="ng-star-inserted"><!----><!----><!----><!----></p><footer _ngcontent-wkf-c236=""><eg-gabarit-price _ngcontent-wkf-c236="" _nghost-wkf-c235="" class="ng-star-inserted"><div _ngcontent-wkf-c235="" class="price"> 11,76€ <!----></div><div _ngcontent-wkf-c235="" class="extra-wrapper"><div _ngcontent-wkf-c235="" class="extra"><div _ngcontent-wkf-c235=""><strong _ngcontent-wkf-c235=""><eg-product-trade-prices _ngcontent-wkf-c235="" _nghost-wkf-c155=""><div _ngcontent-wkf-c155="" class="prices-unity">Soit 0,98€ / L </div><div _ngcontent-wkf-c155="" class="prices-unity prices-other ng-star-inserted">Soit 0,49€ / pièce
</div><!----><!----><!----></eg-product-trade-prices></strong> Code : 409568<br _ngcontent-wkf-c235=""></div></div><button _ngcontent-wkf-c235="" type="button" class="btn btn__icon__basic"><svg _ngcontent-wkf-c235="" xmlns="http://www.w3.org/2000/svg" viewBox="0 0 19 17.08" width="37" height="34"><path _ngcontent-wkf-c235="" d="M14.25,17.08a1.88,1.88,0,1,1,1.88-1.88A1.88,1.88,0,0,1,14.25,17.08Zm0-3.05a1.18,1.18,0,1,0,1.18,1.18A1.18,1.18,0,0,0,14.25,14Z"></path><path _ngcontent-wkf-c235="" d="M6.65,17.08A1.88,1.88,0,1,1,8.53,15.2,1.88,1.88,0,0,1,6.65,17.08Zm0-3.05A1.18,1.18,0,1,0,7.83,15.2,1.18,1.18,0,0,0,6.65,14Z"></path><path _ngcontent-wkf-c235="" d="M16.7,8.49,5.15,10,3.72,3H18Zm2.22-6a.41.41,0,0,0-.32-.15h-15l-.4-2c0-.15-.24-.31-.4-.31H.4A.37.37,0,0,0,0,.39.37.37,0,0,0,.4.77H2.45l1.9,9.42A2.77,2.77,0,0,0,7,12.35h9.1a.39.39,0,1,0,0-.77h-9a1.84,1.84,0,0,1-1.58-.85L17.1,9.19a.34.34,0,0,0,.32-.31L19,2.7A.37.37,0,0,0,18.92,2.47Z"></path></svg></button></div></eg-gabarit-price><!----></footer></div></div><!----></div><!----><!----><!----><!----><!----><!----></eg-gabarit-basic><!----><!----><eg-gabarit-basic _ngcontent-wkf-c237="" _nghost-wkf-c236="" id="masonry-item-1" class="ng-star-inserted"><div _ngcontent-wkf-c236="" ngxmasonryitem="" class="Boissons gabarit gabarit__xs gabarit__xs__1 grid-item ng-star-inserted" style="position: absolute; left: 201px; top: 0px; opacity: 1; transition-property: opacity, transform; transition-duration: 0.4s; transition-delay: 0ms;"><div _ngcontent-wkf-c236="" class="wrapper ng-star-inserted"><!----><header _ngcontent-wkf-c236="" class="header"><img _ngcontent-wkf-c236="" class="hidded" src="https://cstatic.transgourmet.fr/tg-ecommerce/images/products/detail/255154.jpg"><a _ngcontent-wkf-c236=""><img _ngcontent-wkf-c236="" class="visuel ng-star-inserted" src="https://cstatic.transgourmet.fr/tg-ecommerce/images/products/detail/255154.jpg"><!----><!----><!----></a><eg-product-info-pictos _ngcontent-wkf-c236="" _nghost-wkf-c203=""><div _ngcontent-wkf-c203="" id="infos-special-pictos"><!----><!----></div></eg-product-info-pictos></header><div _ngcontent-wkf-c236="" class="body"><eg-products-info-top-cartouche _ngcontent-wkf-c236="" _nghost-wkf-c199="" class="ng-star-inserted"><div _ngcontent-wkf-c199="" id="infos-top" class="d-flex justify-content-end infos-top infos-top-body infos-top-cartouche ng-star-inserted"><div _ngcontent-wkf-c199="" id="infos-top__stripe" class="d-flex align-items-center justify-content-center infos-top__stripe"><img _ngcontent-wkf-c199="" src="assets/images/cartouche/promo.png"></div></div><!----></eg-products-info-top-cartouche><!----><div _ngcontent-wkf-c236="" class="labels"><div _ngcontent-wkf-c236="" class="labels-container"></div><eg-products-info-top-fide _ngcontent-wkf-c236="" _nghost-wkf-c200=""><!----></eg-products-info-top-fide></div><div _ngcontent-wkf-c236="" id="category"><h5 _ngcontent-wkf-c236="" class="category"><span _ngcontent-wkf-c236="" class="txt ng-star-inserted">BADOIT</span><!----><!----></h5><eg-product-temperature-block _ngcontent-wkf-c236="" _nghost-wkf-c202=""><!----><!----></eg-product-temperature-block></div><div _ngcontent-wkf-c236="" class="title-wrapper"><a _ngcontent-wkf-c236=""><h3 _ngcontent-wkf-c236="" class="title">Badoit bulles et thé peche</h3><!----></a></div><p _ngcontent-wkf-c236="" class="text"> Boite de 330 ml.<br _ngcontent-wkf-c236="" class="ng-star-inserted"><!----> Colis de 24 boites.<br _ngcontent-wkf-c236="" class="ng-star-inserted"><!----><!----><!----><!----></p><footer _ngcontent-wkf-c236=""><eg-gabarit-price _ngcontent-wkf-c236="" _nghost-wkf-c235="" class="ng-star-inserted"><div _ngcontent-wkf-c235="" class="price"> 13,68€ <!----></div><div _ngcontent-wkf-c235="" class="extra-wrapper"><div _ngcontent-wkf-c235="" class="extra"><div _ngcontent-wkf-c235=""><strong _ngcontent-wkf-c235=""><eg-product-trade-prices _ngcontent-wkf-c235="" _nghost-wkf-c155=""><div _ngcontent-wkf-c155="" class="prices-unity">Soit 1,73€ / L </div><div _ngcontent-wkf-c155="" class="prices-unity prices-other ng-star-inserted">Soit 0,57€ / boite
</div><!----><!----><!----></eg-product-trade-prices></strong> Code : 303886<br _ngcontent-wkf-c235=""></div></div><button _ngcontent-wkf-c235="" type="button" class="btn btn__icon__basic"><svg _ngcontent-wkf-c235="" xmlns="http://www.w3.org/2000/svg" viewBox="0 0 19 17.08" width="37" height="34"><path _ngcontent-wkf-c235="" d="M14.25,17.08a1.88,1.88,0,1,1,1.88-1.88A1.88,1.88,0,0,1,14.25,17.08Zm0-3.05a1.18,1.18,0,1,0,1.18,1.18A1.18,1.18,0,0,0,14.25,14Z"></path><path _ngcontent-wkf-c235="" d="M6.65,17.08A1.88,1.88,0,1,1,8.53,15.2,1.88,1.88,0,0,1,6.65,17.08Zm0-3.05A1.18,1.18,0,1,0,7.83,15.2,1.18,1.18,0,0,0,6.65,14Z"></path><path _ngcontent-wkf-c235="" d="M16.7,8.49,5.15,10,3.72,3H18Zm2.22-6a.41.41,0,0,0-.32-.15h-15l-.4-2c0-.15-.24-.31-.4-.31H.4A.37.37,0,0,0,0,.39.37.37,0,0,0,.4.77H2.45l1.9,9.42A2.77,2.77,0,0,0,7,12.35h9.1a.39.39,0,1,0,0-.77h-9a1.84,1.84,0,0,1-1.58-.85L17.1,9.19a.34.34,0,0,0,.32-.31L19,2.7A.37.37,0,0,0,18.92,2.47Z"></path></svg></button></div></eg-gabarit-price><!----></footer></div></div><!----></div><!----><!----><!----><!----><!----><!----></eg-gabarit-basic><!----><!----><eg-gabarit-basic _ngcontent-wkf-c237="" _nghost-wkf-c236="" id="masonry-item-2" class="ng-star-inserted"><div _ngcontent-wkf-c236="" ngxmasonryitem="" class="Boissons gabarit gabarit__xs gabarit__xs__1 grid-item ng-star-inserted" style="position: absolute; left: 0px; top: 358.797px; opacity: 1; transition-property: opacity, transform; transition-duration: 0.4s; transition-delay: 0ms;"><div _ngcontent-wkf-c236="" class="wrapper ng-star-inserted"><eg-gabarit-cartouche _ngcontent-wkf-c236="" _nghost-wkf-c234="" class="ng-star-inserted"><div _ngcontent-wkf-c234="" class="top-bar top-bar__web ng-star-inserted"><div _ngcontent-wkf-c234="" class="editable-container"><div _ngcontent-wkf-c234="" class="editable-bg"><span _ngcontent-wkf-c234="" class="editable-overlay">Modifier le cartouche</span></div></div><div _ngcontent-wkf-c234="" class="bg-red ng-star-inserted"><div _ngcontent-wkf-c234="" class="top-bar--content"> prix<strong _ngcontent-wkf-c234="">exclu</strong>web </div></div><!----><!----><!----><div _ngcontent-wkf-c234="" class="top-bar--price"><div _ngcontent-wkf-c234="" class="d-inline-flex flex-middle"><div _ngcontent-wkf-c234="" class="unit">10</div><div _ngcontent-wkf-c234="" class="currency">€<br _ngcontent-wkf-c234="">44</div></div><div _ngcontent-wkf-c234="" class="quantify">Par bouteilles</div></div></div><!----></eg-gabarit-cartouche><!----><header _ngcontent-wkf-c236="" class="header"><img _ngcontent-wkf-c236="" class="hidded" src="https://cstatic.transgourmet.fr/tg-ecommerce/images/products/detail/245205.jpg"><a _ngcontent-wkf-c236=""><img _ngcontent-wkf-c236="" class="visuel ng-star-inserted" src="https://cstatic.transgourmet.fr/tg-ecommerce/images/products/detail/245205.jpg"><!----><!----><!----></a><eg-product-info-pictos _ngcontent-wkf-c236="" _nghost-wkf-c203=""><div _ngcontent-wkf-c203="" id="infos-special-pictos"><!----><!----></div></eg-product-info-pictos></header><div _ngcontent-wkf-c236="" class="body"><!----><div _ngcontent-wkf-c236="" class="labels"><div _ngcontent-wkf-c236="" class="labels-container"></div><eg-products-info-top-fide _ngcontent-wkf-c236="" _nghost-wkf-c200=""><!----></eg-products-info-top-fide></div><div _ngcontent-wkf-c236="" id="category"><h5 _ngcontent-wkf-c236="" class="category"><span _ngcontent-wkf-c236="" class="txt ng-star-inserted">SCHWEPPES</span><!----><!----></h5><eg-product-temperature-block _ngcontent-wkf-c236="" _nghost-wkf-c202=""><!----><!----></eg-product-temperature-block></div><div _ngcontent-wkf-c236="" class="title-wrapper"><a _ngcontent-wkf-c236=""><h3 _ngcontent-wkf-c236="" class="title">Schweppes agrumes</h3><!----></a></div><p _ngcontent-wkf-c236="" class="text"> Bouteille de 500 ml.<br _ngcontent-wkf-c236="" class="ng-star-inserted"><!----> Colis de 12 bouteilles.<br _ngcontent-wkf-c236="" class="ng-star-inserted"><!----><!----><!----><!----></p><footer _ngcontent-wkf-c236=""><eg-gabarit-price _ngcontent-wkf-c236="" _nghost-wkf-c235="" class="ng-star-inserted"><div _ngcontent-wkf-c235="" class="price"> 10,44€ <!----></div><div _ngcontent-wkf-c235="" class="extra-wrapper"><div _ngcontent-wkf-c235="" class="extra"><div _ngcontent-wkf-c235=""><strong _ngcontent-wkf-c235=""><eg-product-trade-prices _ngcontent-wkf-c235="" _nghost-wkf-c155=""><div _ngcontent-wkf-c155="" class="prices-unity">Soit 1,74€ / L </div><div _ngcontent-wkf-c155="" class="prices-unity prices-other ng-star-inserted">Soit 0,87€ / bouteille
</div><!----><!----><!----></eg-product-trade-prices></strong> Code : 303776<br _ngcontent-wkf-c235=""></div></div><button _ngcontent-wkf-c235="" type="button" class="btn btn__icon__basic"><svg _ngcontent-wkf-c235="" xmlns="http://www.w3.org/2000/svg" viewBox="0 0 19 17.08" width="37" height="34"><path _ngcontent-wkf-c235="" d="M14.25,17.08a1.88,1.88,0,1,1,1.88-1.88A1.88,1.88,0,0,1,14.25,17.08Zm0-3.05a1.18,1.18,0,1,0,1.18,1.18A1.18,1.18,0,0,0,14.25,14Z"></path><path _ngcontent-wkf-c235="" d="M6.65,17.08A1.88,1.88,0,1,1,8.53,15.2,1.88,1.88,0,0,1,6.65,17.08Zm0-3.05A1.18,1.18,0,1,0,7.83,15.2,1.18,1.18,0,0,0,6.65,14Z"></path><path _ngcontent-wkf-c235="" d="M16.7,8.49,5.15,10,3.72,3H18Zm2.22-6a.41.41,0,0,0-.32-.15h-15l-.4-2c0-.15-.24-.31-.4-.31H.4A.37.37,0,0,0,0,.39.37.37,0,0,0,.4.77H2.45l1.9,9.42A2.77,2.77,0,0,0,7,12.35h9.1a.39.39,0,1,0,0-.77h-9a1.84,1.84,0,0,1-1.58-.85L17.1,9.19a.34.34,0,0,0,.32-.31L19,2.7A.37.37,0,0,0,18.92,2.47Z"></path></svg></button></div></eg-gabarit-price><!----></footer></div></div><!----></div><!----><!----><!----><!----><!----><!----></eg-gabarit-basic><!----><!----><eg-gabarit-basic _ngcontent-wkf-c237="" _nghost-wkf-c236="" id="masonry-item-3" class="ng-star-inserted"><div _ngcontent-wkf-c236="" ngxmasonryitem="" class="Boissons gabarit gabarit__xs gabarit__xs__1 grid-item ng-star-inserted" style="position: absolute; left: 201px; top: 358.797px; opacity: 1; transition-property: opacity, transform; transition-duration: 0.4s; transition-delay: 0ms;"><div _ngcontent-wkf-c236="" class="wrapper ng-star-inserted"><!----><header _ngcontent-wkf-c236="" class="header"><img _ngcontent-wkf-c236="" class="hidded" src="https://cstatic.transgourmet.fr/tg-ecommerce/images/products/detail/245274.jpg"><a _ngcontent-wkf-c236=""><img _ngcontent-wkf-c236="" class="visuel ng-star-inserted" src="https://cstatic.transgourmet.fr/tg-ecommerce/images/products/detail/245274.jpg"><!----><!----><!----></a><eg-product-info-pictos _ngcontent-wkf-c236="" _nghost-wkf-c203=""><div _ngcontent-wkf-c203="" id="infos-special-pictos"><!----><!----></div></eg-product-info-pictos></header><div _ngcontent-wkf-c236="" class="body"><eg-products-info-top-cartouche _ngcontent-wkf-c236="" _nghost-wkf-c199="" class="ng-star-inserted"><div _ngcontent-wkf-c199="" id="infos-top" class="d-flex justify-content-end infos-top infos-top-body infos-top-cartouche ng-star-inserted"><div _ngcontent-wkf-c199="" id="infos-top__stripe" class="d-flex align-items-center justify-content-center infos-top__stripe"><img _ngcontent-wkf-c199="" src="assets/images/cartouche/promo.png"></div></div><!----></eg-products-info-top-cartouche><!----><div _ngcontent-wkf-c236="" class="labels"><div _ngcontent-wkf-c236="" class="labels-container"></div><eg-products-info-top-fide _ngcontent-wkf-c236="" _nghost-wkf-c200=""><!----></eg-products-info-top-fide></div><div _ngcontent-wkf-c236="" id="category"><h5 _ngcontent-wkf-c236="" class="category"><span _ngcontent-wkf-c236="" class="txt ng-star-inserted">OASIS</span><!----><!----></h5><eg-product-temperature-block _ngcontent-wkf-c236="" _nghost-wkf-c202=""><!----><!----></eg-product-temperature-block></div><div _ngcontent-wkf-c236="" class="title-wrapper"><a _ngcontent-wkf-c236=""><h3 _ngcontent-wkf-c236="" class="title">Oasis Tropical</h3><!----></a></div><p _ngcontent-wkf-c236="" class="text"> Bouteille de 500 ml.<br _ngcontent-wkf-c236="" class="ng-star-inserted"><!----> Colis de 12 bouteilles.<br _ngcontent-wkf-c236="" class="ng-star-inserted"><!----><!----><!----><!----></p><footer _ngcontent-wkf-c236=""><eg-gabarit-price _ngcontent-wkf-c236="" _nghost-wkf-c235="" class="ng-star-inserted"><div _ngcontent-wkf-c235="" class="price"> 10,92€ <!----></div><div _ngcontent-wkf-c235="" class="extra-wrapper"><div _ngcontent-wkf-c235="" class="extra"><div _ngcontent-wkf-c235=""><strong _ngcontent-wkf-c235=""><eg-product-trade-prices _ngcontent-wkf-c235="" _nghost-wkf-c155=""><div _ngcontent-wkf-c155="" class="prices-unity">Soit 1,82€ / L </div><div _ngcontent-wkf-c155="" class="prices-unity prices-other ng-star-inserted">Soit 0,91€ / bouteille
</div><!----><!----><!----></eg-product-trade-prices></strong> Code : 303774<br _ngcontent-wkf-c235=""></div></div><button _ngcontent-wkf-c235="" type="button" class="btn btn__icon__basic"><svg _ngcontent-wkf-c235="" xmlns="http://www.w3.org/2000/svg" viewBox="0 0 19 17.08" width="37" height="34"><path _ngcontent-wkf-c235="" d="M14.25,17.08a1.88,1.88,0,1,1,1.88-1.88A1.88,1.88,0,0,1,14.25,17.08Zm0-3.05a1.18,1.18,0,1,0,1.18,1.18A1.18,1.18,0,0,0,14.25,14Z"></path><path _ngcontent-wkf-c235="" d="M6.65,17.08A1.88,1.88,0,1,1,8.53,15.2,1.88,1.88,0,0,1,6.65,17.08Zm0-3.05A1.18,1.18,0,1,0,7.83,15.2,1.18,1.18,0,0,0,6.65,14Z"></path><path _ngcontent-wkf-c235="" d="M16.7,8.49,5.15,10,3.72,3H18Zm2.22-6a.41.41,0,0,0-.32-.15h-15l-.4-2c0-.15-.24-.31-.4-.31H.4A.37.37,0,0,0,0,.39.37.37,0,0,0,.4.77H2.45l1.9,9.42A2.77,2.77,0,0,0,7,12.35h9.1a.39.39,0,1,0,0-.77h-9a1.84,1.84,0,0,1-1.58-.85L17.1,9.19a.34.34,0,0,0,.32-.31L19,2.7A.37.37,0,0,0,18.92,2.47Z"></path></svg></button></div></eg-gabarit-price><!----></footer></div></div><!----></div><!----><!----><!----><!----><!----><!----></eg-gabarit-basic><!----><!----><eg-gabarit-basic _ngcontent-wkf-c237="" _nghost-wkf-c236="" id="masonry-item-4" class="ng-star-inserted"><div _ngcontent-wkf-c236="" ngxmasonryitem="" class="Boissons gabarit gabarit__xs gabarit__xs__1 grid-item ng-star-inserted" style="position: absolute; left: 0px; top: 814.235px; opacity: 1; transition-property: opacity, transform; transition-duration: 0.4s; transition-delay: 0ms;"><div _ngcontent-wkf-c236="" class="wrapper ng-star-inserted"><!----><header _ngcontent-wkf-c236="" class="header"><img _ngcontent-wkf-c236="" class="hidded" src="https://cstatic.transgourmet.fr/tg-ecommerce/images/products/detail/223934.jpg"><a _ngcontent-wkf-c236=""><img _ngcontent-wkf-c236="" class="visuel ng-star-inserted" src="https://cstatic.transgourmet.fr/tg-ecommerce/images/products/detail/223934.jpg"><!----><!----><!----></a><eg-product-info-pictos _ngcontent-wkf-c236="" _nghost-wkf-c203=""><div _ngcontent-wkf-c203="" id="infos-special-pictos"><!----><!----></div></eg-product-info-pictos></header><div _ngcontent-wkf-c236="" class="body"><eg-products-info-top-cartouche _ngcontent-wkf-c236="" _nghost-wkf-c199="" class="ng-star-inserted"><div _ngcontent-wkf-c199="" id="infos-top" class="d-flex justify-content-end infos-top infos-top-body infos-top-cartouche ng-star-inserted"><div _ngcontent-wkf-c199="" id="infos-top__stripe" class="d-flex align-items-center justify-content-center infos-top__stripe"><img _ngcontent-wkf-c199="" src="assets/images/cartouche/promo.png"></div></div><!----></eg-products-info-top-cartouche><!----><div _ngcontent-wkf-c236="" class="labels"><div _ngcontent-wkf-c236="" class="labels-container"></div><eg-products-info-top-fide _ngcontent-wkf-c236="" _nghost-wkf-c200=""><!----></eg-products-info-top-fide></div><div _ngcontent-wkf-c236="" id="category"><h5 _ngcontent-wkf-c236="" class="category"><span _ngcontent-wkf-c236="" class="txt ng-star-inserted">LIPTON</span><!----><!----></h5><eg-product-temperature-block _ngcontent-wkf-c236="" _nghost-wkf-c202=""><!----><!----></eg-product-temperature-block></div><div _ngcontent-wkf-c236="" class="title-wrapper"><a _ngcontent-wkf-c236=""><h3 _ngcontent-wkf-c236="" class="title">Lipton Ice Tea peche</h3><!----></a></div><p _ngcontent-wkf-c236="" class="text"> Bouteille de 500 ml.<br _ngcontent-wkf-c236="" class="ng-star-inserted"><!----> Colis de 12 bouteilles.<br _ngcontent-wkf-c236="" class="ng-star-inserted"><!----><!----><!----><!----></p><footer _ngcontent-wkf-c236=""><eg-gabarit-price _ngcontent-wkf-c236="" _nghost-wkf-c235="" class="ng-star-inserted"><div _ngcontent-wkf-c235="" class="price"> 11,40€ <!----></div><div _ngcontent-wkf-c235="" class="extra-wrapper"><div _ngcontent-wkf-c235="" class="extra"><div _ngcontent-wkf-c235=""><strong _ngcontent-wkf-c235=""><eg-product-trade-prices _ngcontent-wkf-c235="" _nghost-wkf-c155=""><div _ngcontent-wkf-c155="" class="prices-unity">Soit 1,90€ / L </div><div _ngcontent-wkf-c155="" class="prices-unity prices-other ng-star-inserted">Soit 0,95€ / bouteille
</div><!----><!----><!----></eg-product-trade-prices></strong> Code : 255711<br _ngcontent-wkf-c235=""></div></div><button _ngcontent-wkf-c235="" type="button" class="btn btn__icon__basic"><svg _ngcontent-wkf-c235="" xmlns="http://www.w3.org/2000/svg" viewBox="0 0 19 17.08" width="37" height="34"><path _ngcontent-wkf-c235="" d="M14.25,17.08a1.88,1.88,0,1,1,1.88-1.88A1.88,1.88,0,0,1,14.25,17.08Zm0-3.05a1.18,1.18,0,1,0,1.18,1.18A1.18,1.18,0,0,0,14.25,14Z"></path><path _ngcontent-wkf-c235="" d="M6.65,17.08A1.88,1.88,0,1,1,8.53,15.2,1.88,1.88,0,0,1,6.65,17.08Zm0-3.05A1.18,1.18,0,1,0,7.83,15.2,1.18,1.18,0,0,0,6.65,14Z"></path><path _ngcontent-wkf-c235="" d="M16.7,8.49,5.15,10,3.72,3H18Zm2.22-6a.41.41,0,0,0-.32-.15h-15l-.4-2c0-.15-.24-.31-.4-.31H.4A.37.37,0,0,0,0,.39.37.37,0,0,0,.4.77H2.45l1.9,9.42A2.77,2.77,0,0,0,7,12.35h9.1a.39.39,0,1,0,0-.77h-9a1.84,1.84,0,0,1-1.58-.85L17.1,9.19a.34.34,0,0,0,.32-.31L19,2.7A.37.37,0,0,0,18.92,2.47Z"></path></svg></button></div></eg-gabarit-price><!----></footer></div></div><!----></div><!----><!----><!----><!----><!----><!----></eg-gabarit-basic><!----><!----><eg-gabarit-basic _ngcontent-wkf-c237="" _nghost-wkf-c236="" id="masonry-item-5" class="ng-star-inserted"><div _ngcontent-wkf-c236="" ngxmasonryitem="" class="Boissons gabarit gabarit__xs gabarit__xs__1 grid-item ng-star-inserted" style="position: absolute; left: 201px; top: 703.594px; opacity: 1; transition-property: opacity, transform; transition-duration: 0.4s; transition-delay: 0ms;"><div _ngcontent-wkf-c236="" class="wrapper ng-star-inserted"><!----><header _ngcontent-wkf-c236="" class="header"><img _ngcontent-wkf-c236="" class="hidded" src="https://cstatic.transgourmet.fr/tg-ecommerce/images/products/detail/232413.jpg"><a _ngcontent-wkf-c236=""><img _ngcontent-wkf-c236="" class="visuel ng-star-inserted" src="https://cstatic.transgourmet.fr/tg-ecommerce/images/products/detail/232413.jpg"><!----><!----><!----></a><eg-product-info-pictos _ngcontent-wkf-c236="" _nghost-wkf-c203=""><div _ngcontent-wkf-c203="" id="infos-special-pictos"><!----><!----></div></eg-product-info-pictos></header><div _ngcontent-wkf-c236="" class="body"><eg-products-info-top-cartouche _ngcontent-wkf-c236="" _nghost-wkf-c199="" class="ng-star-inserted"><div _ngcontent-wkf-c199="" id="infos-top" class="d-flex justify-content-end infos-top infos-top-body infos-top-cartouche ng-star-inserted"><div _ngcontent-wkf-c199="" id="infos-top__stripe" class="d-flex align-items-center justify-content-center infos-top__stripe"><img _ngcontent-wkf-c199="" src="assets/images/cartouche/promo.png"></div></div><!----></eg-products-info-top-cartouche><!----><div _ngcontent-wkf-c236="" class="labels"><div _ngcontent-wkf-c236="" class="labels-container"></div><eg-products-info-top-fide _ngcontent-wkf-c236="" _nghost-wkf-c200=""><!----></eg-products-info-top-fide></div><div _ngcontent-wkf-c236="" id="category"><h5 _ngcontent-wkf-c236="" class="category"><span _ngcontent-wkf-c236="" class="txt ng-star-inserted">CRISTALINE</span><!----><!----></h5><eg-product-temperature-block _ngcontent-wkf-c236="" _nghost-wkf-c202=""><!----><!----></eg-product-temperature-block></div><div _ngcontent-wkf-c236="" class="title-wrapper"><a _ngcontent-wkf-c236=""><h3 _ngcontent-wkf-c236="" class="title">Cristaline gazeuse</h3><!----></a></div><p _ngcontent-wkf-c236="" class="text"> Portion de 500 ml.<br _ngcontent-wkf-c236="" class="ng-star-inserted"><!----> Colis de 24 portions.<br _ngcontent-wkf-c236="" class="ng-star-inserted"><!----><!----><!----><!----></p><footer _ngcontent-wkf-c236=""><eg-gabarit-price _ngcontent-wkf-c236="" _nghost-wkf-c235="" class="ng-star-inserted"><div _ngcontent-wkf-c235="" class="price"> 5,52€ <!----></div><div _ngcontent-wkf-c235="" class="extra-wrapper"><div _ngcontent-wkf-c235="" class="extra"><div _ngcontent-wkf-c235=""><strong _ngcontent-wkf-c235=""><eg-product-trade-prices _ngcontent-wkf-c235="" _nghost-wkf-c155=""><div _ngcontent-wkf-c155="" class="prices-unity">Soit 0,46€ / L </div><!----><div _ngcontent-wkf-c155="" class="prices-unity prices-other ng-star-inserted">Soit 0,23€ / portions </div><!----><!----></eg-product-trade-prices></strong> Code : 251140<br _ngcontent-wkf-c235=""></div></div><button _ngcontent-wkf-c235="" type="button" class="btn btn__icon__basic"><svg _ngcontent-wkf-c235="" xmlns="http://www.w3.org/2000/svg" viewBox="0 0 19 17.08" width="37" height="34"><path _ngcontent-wkf-c235="" d="M14.25,17.08a1.88,1.88,0,1,1,1.88-1.88A1.88,1.88,0,0,1,14.25,17.08Zm0-3.05a1.18,1.18,0,1,0,1.18,1.18A1.18,1.18,0,0,0,14.25,14Z"></path><path _ngcontent-wkf-c235="" d="M6.65,17.08A1.88,1.88,0,1,1,8.53,15.2,1.88,1.88,0,0,1,6.65,17.08Zm0-3.05A1.18,1.18,0,1,0,7.83,15.2,1.18,1.18,0,0,0,6.65,14Z"></path><path _ngcontent-wkf-c235="" d="M16.7,8.49,5.15,10,3.72,3H18Zm2.22-6a.41.41,0,0,0-.32-.15h-15l-.4-2c0-.15-.24-.31-.4-.31H.4A.37.37,0,0,0,0,.39.37.37,0,0,0,.4.77H2.45l1.9,9.42A2.77,2.77,0,0,0,7,12.35h9.1a.39.39,0,1,0,0-.77h-9a1.84,1.84,0,0,1-1.58-.85L17.1,9.19a.34.34,0,0,0,.32-.31L19,2.7A.37.37,0,0,0,18.92,2.47Z"></path></svg></button></div></eg-gabarit-price><!----></footer></div></div><!----></div><!----><!----><!----><!----><!----><!----></eg-gabarit-basic><!----><!----><eg-gabarit-basic _ngcontent-wkf-c237="" _nghost-wkf-c236="" id="masonry-item-6" class="ng-star-inserted"><div _ngcontent-wkf-c236="" ngxmasonryitem="" class="Boissons gabarit gabarit__xs gabarit__xs__1 grid-item ng-star-inserted" style="position: absolute; left: 0px; top: 1159.03px; opacity: 1; transition-property: opacity, transform; transition-duration: 0.4s; transition-delay: 0ms;"><div _ngcontent-wkf-c236="" class="wrapper ng-star-inserted"><!----><header _ngcontent-wkf-c236="" class="header"><img _ngcontent-wkf-c236="" class="hidded" src="https://cstatic.transgourmet.fr/tg-ecommerce/images/products/detail/255748.jpg"><a _ngcontent-wkf-c236=""><img _ngcontent-wkf-c236="" class="visuel ng-star-inserted" src="https://cstatic.transgourmet.fr/tg-ecommerce/images/products/detail/255748.jpg"><!----><!----><!----></a><eg-product-info-pictos _ngcontent-wkf-c236="" _nghost-wkf-c203=""><div _ngcontent-wkf-c203="" id="infos-special-pictos"><!----><!----></div></eg-product-info-pictos></header><div _ngcontent-wkf-c236="" class="body"><eg-products-info-top-cartouche _ngcontent-wkf-c236="" _nghost-wkf-c199="" class="ng-star-inserted"><div _ngcontent-wkf-c199="" id="infos-top" class="d-flex justify-content-end infos-top infos-top-body infos-top-cartouche ng-star-inserted"><div _ngcontent-wkf-c199="" id="infos-top__stripe" class="d-flex align-items-center justify-content-center infos-top__stripe"><img _ngcontent-wkf-c199="" src="assets/images/cartouche/promo.png"></div></div><!----></eg-products-info-top-cartouche><!----><div _ngcontent-wkf-c236="" class="labels"><div _ngcontent-wkf-c236="" class="labels-container"></div><eg-products-info-top-fide _ngcontent-wkf-c236="" _nghost-wkf-c200=""><!----></eg-products-info-top-fide></div><div _ngcontent-wkf-c236="" id="category"><h5 _ngcontent-wkf-c236="" class="category"><span _ngcontent-wkf-c236="" class="txt ng-star-inserted">PERRIER</span><!----><!----></h5><eg-product-temperature-block _ngcontent-wkf-c236="" _nghost-wkf-c202=""><!----><!----></eg-product-temperature-block></div><div _ngcontent-wkf-c236="" class="title-wrapper"><a _ngcontent-wkf-c236=""><h3 _ngcontent-wkf-c236="" class="title">Perrier nature
boite slim de 33 cl</h3><!----></a></div><p _ngcontent-wkf-c236="" class="text"> Portion de 330 ml.<br _ngcontent-wkf-c236="" class="ng-star-inserted"><!----> Colis de 24 portions.<br _ngcontent-wkf-c236="" class="ng-star-inserted"><!----><!----><!----><!----></p><footer _ngcontent-wkf-c236=""><eg-gabarit-price _ngcontent-wkf-c236="" _nghost-wkf-c235="" class="ng-star-inserted"><div _ngcontent-wkf-c235="" class="price"> 10,80€ <!----></div><div _ngcontent-wkf-c235="" class="extra-wrapper"><div _ngcontent-wkf-c235="" class="extra"><div _ngcontent-wkf-c235=""><strong _ngcontent-wkf-c235=""><eg-product-trade-prices _ngcontent-wkf-c235="" _nghost-wkf-c155=""><div _ngcontent-wkf-c155="" class="prices-unity">Soit 1,36€ / L </div><!----><div _ngcontent-wkf-c155="" class="prices-unity prices-other ng-star-inserted">Soit 0,45€ / portions </div><!----><!----></eg-product-trade-prices></strong> Code : 225404<br _ngcontent-wkf-c235=""></div></div><button _ngcontent-wkf-c235="" type="button" class="btn btn__icon__basic"><svg _ngcontent-wkf-c235="" xmlns="http://www.w3.org/2000/svg" viewBox="0 0 19 17.08" width="37" height="34"><path _ngcontent-wkf-c235="" d="M14.25,17.08a1.88,1.88,0,1,1,1.88-1.88A1.88,1.88,0,0,1,14.25,17.08Zm0-3.05a1.18,1.18,0,1,0,1.18,1.18A1.18,1.18,0,0,0,14.25,14Z"></path><path _ngcontent-wkf-c235="" d="M6.65,17.08A1.88,1.88,0,1,1,8.53,15.2,1.88,1.88,0,0,1,6.65,17.08Zm0-3.05A1.18,1.18,0,1,0,7.83,15.2,1.18,1.18,0,0,0,6.65,14Z"></path><path _ngcontent-wkf-c235="" d="M16.7,8.49,5.15,10,3.72,3H18Zm2.22-6a.41.41,0,0,0-.32-.15h-15l-.4-2c0-.15-.24-.31-.4-.31H.4A.37.37,0,0,0,0,.39.37.37,0,0,0,.4.77H2.45l1.9,9.42A2.77,2.77,0,0,0,7,12.35h9.1a.39.39,0,1,0,0-.77h-9a1.84,1.84,0,0,1-1.58-.85L17.1,9.19a.34.34,0,0,0,.32-.31L19,2.7A.37.37,0,0,0,18.92,2.47Z"></path></svg></button></div></eg-gabarit-price><!----></footer></div></div><!----></div><!----><!----><!----><!----><!----><!----></eg-gabarit-basic><!----><!----><eg-gabarit-basic _ngcontent-wkf-c237="" _nghost-wkf-c236="" id="masonry-item-7" class="ng-star-inserted"><div _ngcontent-wkf-c236="" ngxmasonryitem="" class="Boissons gabarit gabarit__xs gabarit__xs__1 grid-item ng-star-inserted" style="position: absolute; left: 201px; top: 1048.39px; opacity: 1; transition-property: opacity, transform; transition-duration: 0.4s; transition-delay: 0ms;"><div _ngcontent-wkf-c236="" class="wrapper ng-star-inserted"><!----><header _ngcontent-wkf-c236="" class="header"><img _ngcontent-wkf-c236="" class="hidded" src="https://cstatic.transgourmet.fr/tg-ecommerce/images/products/detail/258688.jpg"><a _ngcontent-wkf-c236=""><img _ngcontent-wkf-c236="" class="visuel ng-star-inserted" src="https://cstatic.transgourmet.fr/tg-ecommerce/images/products/detail/258688.jpg"><!----><!----><!----></a><eg-product-info-pictos _ngcontent-wkf-c236="" _nghost-wkf-c203=""><div _ngcontent-wkf-c203="" id="infos-special-pictos"><!----><!----></div></eg-product-info-pictos></header><div _ngcontent-wkf-c236="" class="body"><eg-products-info-top-cartouche _ngcontent-wkf-c236="" _nghost-wkf-c199="" class="ng-star-inserted"><div _ngcontent-wkf-c199="" id="infos-top" class="d-flex justify-content-end infos-top infos-top-body infos-top-cartouche ng-star-inserted"><div _ngcontent-wkf-c199="" id="infos-top__stripe" class="d-flex align-items-center justify-content-center infos-top__stripe"><img _ngcontent-wkf-c199="" src="assets/images/cartouche/promo.png"></div></div><!----></eg-products-info-top-cartouche><!----><div _ngcontent-wkf-c236="" class="labels"><div _ngcontent-wkf-c236="" class="labels-container"></div><eg-products-info-top-fide _ngcontent-wkf-c236="" _nghost-wkf-c200=""><!----></eg-products-info-top-fide></div><div _ngcontent-wkf-c236="" id="category"><h5 _ngcontent-wkf-c236="" class="category"><span _ngcontent-wkf-c236="" class="txt ng-star-inserted">ORANGINA</span><!----><!----></h5><eg-product-temperature-block _ngcontent-wkf-c236="" _nghost-wkf-c202=""><!----><!----></eg-product-temperature-block></div><div _ngcontent-wkf-c236="" class="title-wrapper"><a _ngcontent-wkf-c236=""><h3 _ngcontent-wkf-c236="" class="title">Orangina slim</h3><!----></a></div><p _ngcontent-wkf-c236="" class="text"> Portion de 330 ml.<br _ngcontent-wkf-c236="" class="ng-star-inserted"><!----> Colis de 24 portions.<br _ngcontent-wkf-c236="" class="ng-star-inserted"><!----><!----><!----><!----></p><footer _ngcontent-wkf-c236=""><eg-gabarit-price _ngcontent-wkf-c236="" _nghost-wkf-c235="" class="ng-star-inserted"><div _ngcontent-wkf-c235="" class="price"> 13,92€ <!----></div><div _ngcontent-wkf-c235="" class="extra-wrapper"><div _ngcontent-wkf-c235="" class="extra"><div _ngcontent-wkf-c235=""><strong _ngcontent-wkf-c235=""><eg-product-trade-prices _ngcontent-wkf-c235="" _nghost-wkf-c155=""><div _ngcontent-wkf-c155="" class="prices-unity">Soit 1,76€ / L </div><!----><div _ngcontent-wkf-c155="" class="prices-unity prices-other ng-star-inserted">Soit 0,58€ / portions </div><!----><!----></eg-product-trade-prices></strong> Code : 221237<br _ngcontent-wkf-c235=""></div></div><button _ngcontent-wkf-c235="" type="button" class="btn btn__icon__basic"><svg _ngcontent-wkf-c235="" xmlns="http://www.w3.org/2000/svg" viewBox="0 0 19 17.08" width="37" height="34"><path _ngcontent-wkf-c235="" d="M14.25,17.08a1.88,1.88,0,1,1,1.88-1.88A1.88,1.88,0,0,1,14.25,17.08Zm0-3.05a1.18,1.18,0,1,0,1.18,1.18A1.18,1.18,0,0,0,14.25,14Z"></path><path _ngcontent-wkf-c235="" d="M6.65,17.08A1.88,1.88,0,1,1,8.53,15.2,1.88,1.88,0,0,1,6.65,17.08Zm0-3.05A1.18,1.18,0,1,0,7.83,15.2,1.18,1.18,0,0,0,6.65,14Z"></path><path _ngcontent-wkf-c235="" d="M16.7,8.49,5.15,10,3.72,3H18Zm2.22-6a.41.41,0,0,0-.32-.15h-15l-.4-2c0-.15-.24-.31-.4-.31H.4A.37.37,0,0,0,0,.39.37.37,0,0,0,.4.77H2.45l1.9,9.42A2.77,2.77,0,0,0,7,12.35h9.1a.39.39,0,1,0,0-.77h-9a1.84,1.84,0,0,1-1.58-.85L17.1,9.19a.34.34,0,0,0,.32-.31L19,2.7A.37.37,0,0,0,18.92,2.47Z"></path></svg></button></div></eg-gabarit-price><!----></footer></div></div><!----></div><!----><!----><!----><!----><!----><!----></eg-gabarit-basic><!----><!----><eg-gabarit-basic _ngcontent-wkf-c237="" _nghost-wkf-c236="" id="masonry-item-8" class="ng-star-inserted"><div _ngcontent-wkf-c236="" ngxmasonryitem="" class="Boissons gabarit gabarit__xs gabarit__xs__1 grid-item ng-star-inserted" style="position: absolute; left: 0px; top: 1517.83px; opacity: 1; transition-property: opacity, transform; transition-duration: 0.4s; transition-delay: 0ms;"><div _ngcontent-wkf-c236="" class="wrapper ng-star-inserted"><!----><header _ngcontent-wkf-c236="" class="header"><img _ngcontent-wkf-c236="" class="hidded" src="https://cstatic.transgourmet.fr/tg-ecommerce/images/products/detail/232299.jpg"><a _ngcontent-wkf-c236=""><img _ngcontent-wkf-c236="" class="visuel ng-star-inserted" src="https://cstatic.transgourmet.fr/tg-ecommerce/images/products/detail/232299.jpg"><!----><!----><!----></a><eg-product-info-pictos _ngcontent-wkf-c236="" _nghost-wkf-c203=""><div _ngcontent-wkf-c203="" id="infos-special-pictos"><!----><!----></div></eg-product-info-pictos></header><div _ngcontent-wkf-c236="" class="body"><eg-products-info-top-cartouche _ngcontent-wkf-c236="" _nghost-wkf-c199="" class="ng-star-inserted"><div _ngcontent-wkf-c199="" id="infos-top" class="d-flex justify-content-end infos-top infos-top-body infos-top-cartouche ng-star-inserted"><div _ngcontent-wkf-c199="" id="infos-top__stripe" class="d-flex align-items-center justify-content-center infos-top__stripe"><img _ngcontent-wkf-c199="" src="assets/images/cartouche/promo.png"></div></div><!----></eg-products-info-top-cartouche><!----><div _ngcontent-wkf-c236="" class="labels"><div _ngcontent-wkf-c236="" class="labels-container"></div><eg-products-info-top-fide _ngcontent-wkf-c236="" _nghost-wkf-c200=""><!----></eg-products-info-top-fide></div><div _ngcontent-wkf-c236="" id="category"><h5 _ngcontent-wkf-c236="" class="category"><span _ngcontent-wkf-c236="" class="txt ng-star-inserted">TROPICO</span><!----><!----></h5><eg-product-temperature-block _ngcontent-wkf-c236="" _nghost-wkf-c202=""><!----><!----></eg-product-temperature-block></div><div _ngcontent-wkf-c236="" class="title-wrapper"><a _ngcontent-wkf-c236=""><h3 _ngcontent-wkf-c236="" class="title">Tropico original</h3><!----></a></div><p _ngcontent-wkf-c236="" class="text"> Boite de 330 ml.<br _ngcontent-wkf-c236="" class="ng-star-inserted"><!----> Colis de 24 boites.<br _ngcontent-wkf-c236="" class="ng-star-inserted"><!----><!----><!----><!----></p><footer _ngcontent-wkf-c236=""><eg-gabarit-price _ngcontent-wkf-c236="" _nghost-wkf-c235="" class="ng-star-inserted"><div _ngcontent-wkf-c235="" class="price"> 13,92€ <!----></div><div _ngcontent-wkf-c235="" class="extra-wrapper"><div _ngcontent-wkf-c235="" class="extra"><div _ngcontent-wkf-c235=""><strong _ngcontent-wkf-c235=""><eg-product-trade-prices _ngcontent-wkf-c235="" _nghost-wkf-c155=""><div _ngcontent-wkf-c155="" class="prices-unity">Soit 1,76€ / L </div><div _ngcontent-wkf-c155="" class="prices-unity prices-other ng-star-inserted">Soit 0,58€ / boite
</div><!----><!----><!----></eg-product-trade-prices></strong> Code : 208431<br _ngcontent-wkf-c235=""></div></div><button _ngcontent-wkf-c235="" type="button" class="btn btn__icon__basic"><svg _ngcontent-wkf-c235="" xmlns="http://www.w3.org/2000/svg" viewBox="0 0 19 17.08" width="37" height="34"><path _ngcontent-wkf-c235="" d="M14.25,17.08a1.88,1.88,0,1,1,1.88-1.88A1.88,1.88,0,0,1,14.25,17.08Zm0-3.05a1.18,1.18,0,1,0,1.18,1.18A1.18,1.18,0,0,0,14.25,14Z"></path><path _ngcontent-wkf-c235="" d="M6.65,17.08A1.88,1.88,0,1,1,8.53,15.2,1.88,1.88,0,0,1,6.65,17.08Zm0-3.05A1.18,1.18,0,1,0,7.83,15.2,1.18,1.18,0,0,0,6.65,14Z"></path><path _ngcontent-wkf-c235="" d="M16.7,8.49,5.15,10,3.72,3H18Zm2.22-6a.41.41,0,0,0-.32-.15h-15l-.4-2c0-.15-.24-.31-.4-.31H.4A.37.37,0,0,0,0,.39.37.37,0,0,0,.4.77H2.45l1.9,9.42A2.77,2.77,0,0,0,7,12.35h9.1a.39.39,0,1,0,0-.77h-9a1.84,1.84,0,0,1-1.58-.85L17.1,9.19a.34.34,0,0,0,.32-.31L19,2.7A.37.37,0,0,0,18.92,2.47Z"></path></svg></button></div></eg-gabarit-price><!----></footer></div></div><!----></div><!----><!----><!----><!----><!----><!----></eg-gabarit-basic><!----><!----><eg-gabarit-basic _ngcontent-wkf-c237="" _nghost-wkf-c236="" id="masonry-item-9" class="ng-star-inserted"><div _ngcontent-wkf-c236="" ngxmasonryitem="" class="Boissons gabarit gabarit__sm gabarit__sm__2 grid-item ng-star-inserted" style="position: absolute; left: 0px; top: 1862.63px; opacity: 1; transition-property: opacity, transform; transition-duration: 0.4s; transition-delay: 0ms;"><div _ngcontent-wkf-c236="" class="wrapper ng-star-inserted"><!----><header _ngcontent-wkf-c236="" class="header"><img _ngcontent-wkf-c236="" class="hidded" src="https://cstatic.transgourmet.fr/tg-ecommerce/images/products/detail/257656.jpg"><a _ngcontent-wkf-c236=""><img _ngcontent-wkf-c236="" class="visuel ng-star-inserted" src="https://cstatic.transgourmet.fr/tg-ecommerce/images/products/detail/257656.jpg"><!----><!----><!----></a><eg-product-info-pictos _ngcontent-wkf-c236="" _nghost-wkf-c203=""><div _ngcontent-wkf-c203="" id="infos-special-pictos"><!----><img _ngcontent-wkf-c203="" alt="vegan" src="assets/images/picto-vegan-web-blanc.png" class="ng-star-inserted"><!----></div></eg-product-info-pictos></header><div _ngcontent-wkf-c236="" class="body"><eg-products-info-top-cartouche _ngcontent-wkf-c236="" _nghost-wkf-c199="" class="ng-star-inserted"><div _ngcontent-wkf-c199="" id="infos-top" class="d-flex justify-content-end infos-top infos-top-body infos-top-cartouche ng-star-inserted"><div _ngcontent-wkf-c199="" id="infos-top__stripe" class="d-flex align-items-center justify-content-center infos-top__stripe"><img _ngcontent-wkf-c199="" src="assets/images/cartouche/promo.png"></div></div><!----></eg-products-info-top-cartouche><!----><div _ngcontent-wkf-c236="" class="labels"><div _ngcontent-wkf-c236="" class="labels-container"></div><eg-products-info-top-fide _ngcontent-wkf-c236="" _nghost-wkf-c200=""><!----></eg-products-info-top-fide></div><div _ngcontent-wkf-c236="" id="category"><h5 _ngcontent-wkf-c236="" class="category"><span _ngcontent-wkf-c236="" class="txt ng-star-inserted">TROPICANA</span><!----><!----></h5><eg-product-temperature-block _ngcontent-wkf-c236="" _nghost-wkf-c202=""><img _ngcontent-wkf-c202="" src="https://cstatic.transgourmet.fr/tg-ecommerce/images/picto-frais.png" alt="Frais" title="Frais" class="pictoImg ng-star-inserted"><!----><!----><!----><!----></eg-product-temperature-block></div><div _ngcontent-wkf-c236="" class="title-wrapper"><a _ngcontent-wkf-c236=""><h3 _ngcontent-wkf-c236="" class="title">Tropicana orange</h3><!----></a></div><p _ngcontent-wkf-c236="" class="text"> Bouteille de 283 ml.<br _ngcontent-wkf-c236="" class="ng-star-inserted"><!----> Colis de 8 bouteilles.<br _ngcontent-wkf-c236="" class="ng-star-inserted"><!----><!----><!----><!----></p><footer _ngcontent-wkf-c236=""><div _ngcontent-wkf-c236="" class="row ng-star-inserted"><div _ngcontent-wkf-c236="" class="col"><eg-gabarit-price _ngcontent-wkf-c236="" _nghost-wkf-c235=""><div _ngcontent-wkf-c235="" class="price"> 6,24€ <h3 _ngcontent-wkf-c235="" class="title ng-star-inserted">Tropicana orange</h3><!----></div><div _ngcontent-wkf-c235="" class="extra-wrapper"><div _ngcontent-wkf-c235="" class="extra"><div _ngcontent-wkf-c235=""><strong _ngcontent-wkf-c235=""><eg-product-trade-prices _ngcontent-wkf-c235="" _nghost-wkf-c155=""><div _ngcontent-wkf-c155="" class="prices-unity">Soit 2,76€ / L </div><div _ngcontent-wkf-c155="" class="prices-unity prices-other ng-star-inserted">Soit 0,78€ / bouteille
</div><!----><!----><!----></eg-product-trade-prices></strong> Code : 243601<br _ngcontent-wkf-c235=""></div></div><button _ngcontent-wkf-c235="" type="button" class="btn btn__icon__basic"><svg _ngcontent-wkf-c235="" xmlns="http://www.w3.org/2000/svg" viewBox="0 0 19 17.08" width="37" height="34"><path _ngcontent-wkf-c235="" d="M14.25,17.08a1.88,1.88,0,1,1,1.88-1.88A1.88,1.88,0,0,1,14.25,17.08Zm0-3.05a1.18,1.18,0,1,0,1.18,1.18A1.18,1.18,0,0,0,14.25,14Z"></path><path _ngcontent-wkf-c235="" d="M6.65,17.08A1.88,1.88,0,1,1,8.53,15.2,1.88,1.88,0,0,1,6.65,17.08Zm0-3.05A1.18,1.18,0,1,0,7.83,15.2,1.18,1.18,0,0,0,6.65,14Z"></path><path _ngcontent-wkf-c235="" d="M16.7,8.49,5.15,10,3.72,3H18Zm2.22-6a.41.41,0,0,0-.32-.15h-15l-.4-2c0-.15-.24-.31-.4-.31H.4A.37.37,0,0,0,0,.39.37.37,0,0,0,.4.77H2.45l1.9,9.42A2.77,2.77,0,0,0,7,12.35h9.1a.39.39,0,1,0,0-.77h-9a1.84,1.84,0,0,1-1.58-.85L17.1,9.19a.34.34,0,0,0,.32-.31L19,2.7A.37.37,0,0,0,18.92,2.47Z"></path></svg></button></div></eg-gabarit-price></div><div _ngcontent-wkf-c236="" class="col ng-star-inserted"><eg-gabarit-price _ngcontent-wkf-c236="" _nghost-wkf-c235=""><div _ngcontent-wkf-c235="" class="price"> 6,72€ <h3 _ngcontent-wkf-c235="" class="title ng-star-inserted">Jus de pomme</h3><!----></div><div _ngcontent-wkf-c235="" class="extra-wrapper"><div _ngcontent-wkf-c235="" class="extra"><div _ngcontent-wkf-c235=""><strong _ngcontent-wkf-c235=""><eg-product-trade-prices _ngcontent-wkf-c235="" _nghost-wkf-c155=""><div _ngcontent-wkf-c155="" class="prices-unity">Soit 3,21€ / L </div><div _ngcontent-wkf-c155="" class="prices-unity prices-other ng-star-inserted">Soit 0,84€ / bouteille
</div><!----><!----><!----></eg-product-trade-prices></strong> Code : 243603<br _ngcontent-wkf-c235=""></div></div><button _ngcontent-wkf-c235="" type="button" class="btn btn__icon__basic"><svg _ngcontent-wkf-c235="" xmlns="http://www.w3.org/2000/svg" viewBox="0 0 19 17.08" width="37" height="34"><path _ngcontent-wkf-c235="" d="M14.25,17.08a1.88,1.88,0,1,1,1.88-1.88A1.88,1.88,0,0,1,14.25,17.08Zm0-3.05a1.18,1.18,0,1,0,1.18,1.18A1.18,1.18,0,0,0,14.25,14Z"></path><path _ngcontent-wkf-c235="" d="M6.65,17.08A1.88,1.88,0,1,1,8.53,15.2,1.88,1.88,0,0,1,6.65,17.08Zm0-3.05A1.18,1.18,0,1,0,7.83,15.2,1.18,1.18,0,0,0,6.65,14Z"></path><path _ngcontent-wkf-c235="" d="M16.7,8.49,5.15,10,3.72,3H18Zm2.22-6a.41.41,0,0,0-.32-.15h-15l-.4-2c0-.15-.24-.31-.4-.31H.4A.37.37,0,0,0,0,.39.37.37,0,0,0,.4.77H2.45l1.9,9.42A2.77,2.77,0,0,0,7,12.35h9.1a.39.39,0,1,0,0-.77h-9a1.84,1.84,0,0,1-1.58-.85L17.1,9.19a.34.34,0,0,0,.32-.31L19,2.7A.37.37,0,0,0,18.92,2.47Z"></path></svg></button></div></eg-gabarit-price></div><!----><!----><!----></div><!----><!----></footer></div></div><!----></div><!----><!----><!----><!----><!----><!----></eg-gabarit-basic><!----><!----><eg-gabarit-basic _ngcontent-wkf-c237="" _nghost-wkf-c236="" id="masonry-item-10" class="ng-star-inserted"><div _ngcontent-wkf-c236="" ngxmasonryitem="" class="Boissons gabarit gabarit__sm gabarit__sm__2 grid-item ng-star-inserted" style="position: absolute; left: 0px; top: 2253.85px; opacity: 1; transition-property: opacity, transform; transition-duration: 0.4s; transition-delay: 0ms;"><div _ngcontent-wkf-c236="" class="wrapper ng-star-inserted"><!----><header _ngcontent-wkf-c236="" class="header"><img _ngcontent-wkf-c236="" class="hidded" src="https://cstatic.transgourmet.fr/tg-ecommerce/images/products/detail/252641.jpg"><a _ngcontent-wkf-c236=""><img _ngcontent-wkf-c236="" class="visuel ng-star-inserted" src="https://cstatic.transgourmet.fr/tg-ecommerce/images/products/detail/252641.jpg"><!----><!----><!----></a><eg-product-info-pictos _ngcontent-wkf-c236="" _nghost-wkf-c203=""><div _ngcontent-wkf-c203="" id="infos-special-pictos"><!----><!----></div></eg-product-info-pictos></header><div _ngcontent-wkf-c236="" class="body"><eg-products-info-top-cartouche _ngcontent-wkf-c236="" _nghost-wkf-c199="" class="ng-star-inserted"><div _ngcontent-wkf-c199="" id="infos-top" class="d-flex justify-content-end infos-top infos-top-body infos-top-cartouche ng-star-inserted"><div _ngcontent-wkf-c199="" id="infos-top__stripe" class="d-flex align-items-center justify-content-center infos-top__stripe"><img _ngcontent-wkf-c199="" src="assets/images/cartouche/promo.png"></div></div><!----></eg-products-info-top-cartouche><!----><div _ngcontent-wkf-c236="" class="labels"><div _ngcontent-wkf-c236="" class="labels-container"></div><eg-products-info-top-fide _ngcontent-wkf-c236="" _nghost-wkf-c200=""><!----></eg-products-info-top-fide></div><div _ngcontent-wkf-c236="" id="category"><h5 _ngcontent-wkf-c236="" class="category"><span _ngcontent-wkf-c236="" class="txt ng-star-inserted">COCA COLA</span><!----><!----></h5><eg-product-temperature-block _ngcontent-wkf-c236="" _nghost-wkf-c202=""><!----><!----></eg-product-temperature-block></div><div _ngcontent-wkf-c236="" class="title-wrapper"><a _ngcontent-wkf-c236=""><h3 _ngcontent-wkf-c236="" class="title">Coca cola</h3><!----></a></div><p _ngcontent-wkf-c236="" class="text"> Bouteille de 500 ml.<br _ngcontent-wkf-c236="" class="ng-star-inserted"><!----> Colis de 24 bouteilles.<br _ngcontent-wkf-c236="" class="ng-star-inserted"><!----><!----><!----><!----></p><footer _ngcontent-wkf-c236=""><div _ngcontent-wkf-c236="" class="row ng-star-inserted"><div _ngcontent-wkf-c236="" class="col"><eg-gabarit-price _ngcontent-wkf-c236="" _nghost-wkf-c235=""><div _ngcontent-wkf-c235="" class="price"> 26,88€ <h3 _ngcontent-wkf-c235="" class="title ng-star-inserted">Coca cola</h3><!----></div><div _ngcontent-wkf-c235="" class="extra-wrapper"><div _ngcontent-wkf-c235="" class="extra"><div _ngcontent-wkf-c235=""><strong _ngcontent-wkf-c235=""><eg-product-trade-prices _ngcontent-wkf-c235="" _nghost-wkf-c155=""><div _ngcontent-wkf-c155="" class="prices-unity">Soit 2,24€ / L </div><div _ngcontent-wkf-c155="" class="prices-unity prices-other ng-star-inserted">Soit 1,12€ / bouteille
</div><!----><!----><!----></eg-product-trade-prices></strong> Code : 211377<br _ngcontent-wkf-c235=""></div></div><button _ngcontent-wkf-c235="" type="button" class="btn btn__icon__basic"><svg _ngcontent-wkf-c235="" xmlns="http://www.w3.org/2000/svg" viewBox="0 0 19 17.08" width="37" height="34"><path _ngcontent-wkf-c235="" d="M14.25,17.08a1.88,1.88,0,1,1,1.88-1.88A1.88,1.88,0,0,1,14.25,17.08Zm0-3.05a1.18,1.18,0,1,0,1.18,1.18A1.18,1.18,0,0,0,14.25,14Z"></path><path _ngcontent-wkf-c235="" d="M6.65,17.08A1.88,1.88,0,1,1,8.53,15.2,1.88,1.88,0,0,1,6.65,17.08Zm0-3.05A1.18,1.18,0,1,0,7.83,15.2,1.18,1.18,0,0,0,6.65,14Z"></path><path _ngcontent-wkf-c235="" d="M16.7,8.49,5.15,10,3.72,3H18Zm2.22-6a.41.41,0,0,0-.32-.15h-15l-.4-2c0-.15-.24-.31-.4-.31H.4A.37.37,0,0,0,0,.39.37.37,0,0,0,.4.77H2.45l1.9,9.42A2.77,2.77,0,0,0,7,12.35h9.1a.39.39,0,1,0,0-.77h-9a1.84,1.84,0,0,1-1.58-.85L17.1,9.19a.34.34,0,0,0,.32-.31L19,2.7A.37.37,0,0,0,18.92,2.47Z"></path></svg></button></div></eg-gabarit-price></div><div _ngcontent-wkf-c236="" class="col ng-star-inserted"><eg-gabarit-price _ngcontent-wkf-c236="" _nghost-wkf-c235=""><div _ngcontent-wkf-c235="" class="price"> 12,60€ <h3 _ngcontent-wkf-c235="" class="title ng-star-inserted">Coca cola zéro</h3><!----></div><div _ngcontent-wkf-c235="" class="extra-wrapper"><div _ngcontent-wkf-c235="" class="extra"><div _ngcontent-wkf-c235=""><strong _ngcontent-wkf-c235=""><eg-product-trade-prices _ngcontent-wkf-c235="" _nghost-wkf-c155=""><div _ngcontent-wkf-c155="" class="prices-unity">Soit 2,10€ / L </div><div _ngcontent-wkf-c155="" class="prices-unity prices-other ng-star-inserted">Soit 1,05€ / bouteille
</div><!----><!----><!----></eg-product-trade-prices></strong> Code : 211388<br _ngcontent-wkf-c235=""></div></div><button _ngcontent-wkf-c235="" type="button" class="btn btn__icon__basic"><svg _ngcontent-wkf-c235="" xmlns="http://www.w3.org/2000/svg" viewBox="0 0 19 17.08" width="37" height="34"><path _ngcontent-wkf-c235="" d="M14.25,17.08a1.88,1.88,0,1,1,1.88-1.88A1.88,1.88,0,0,1,14.25,17.08Zm0-3.05a1.18,1.18,0,1,0,1.18,1.18A1.18,1.18,0,0,0,14.25,14Z"></path><path _ngcontent-wkf-c235="" d="M6.65,17.08A1.88,1.88,0,1,1,8.53,15.2,1.88,1.88,0,0,1,6.65,17.08Zm0-3.05A1.18,1.18,0,1,0,7.83,15.2,1.18,1.18,0,0,0,6.65,14Z"></path><path _ngcontent-wkf-c235="" d="M16.7,8.49,5.15,10,3.72,3H18Zm2.22-6a.41.41,0,0,0-.32-.15h-15l-.4-2c0-.15-.24-.31-.4-.31H.4A.37.37,0,0,0,0,.39.37.37,0,0,0,.4.77H2.45l1.9,9.42A2.77,2.77,0,0,0,7,12.35h9.1a.39.39,0,1,0,0-.77h-9a1.84,1.84,0,0,1-1.58-.85L17.1,9.19a.34.34,0,0,0,.32-.31L19,2.7A.37.37,0,0,0,18.92,2.47Z"></path></svg></button></div></eg-gabarit-price></div><!----><!----><div _ngcontent-wkf-c236="" class="col ng-star-inserted"><eg-gabarit-price _ngcontent-wkf-c236="" _nghost-wkf-c235=""><div _ngcontent-wkf-c235="" class="price"> 13,08€ <h3 _ngcontent-wkf-c235="" class="title ng-star-inserted">Coca cola cherry</h3><!----></div><div _ngcontent-wkf-c235="" class="extra-wrapper"><div _ngcontent-wkf-c235="" class="extra"><div _ngcontent-wkf-c235=""><strong _ngcontent-wkf-c235=""><eg-product-trade-prices _ngcontent-wkf-c235="" _nghost-wkf-c155=""><div _ngcontent-wkf-c155="" class="prices-unity">Soit 2,18€ / L </div><div _ngcontent-wkf-c155="" class="prices-unity prices-other ng-star-inserted">Soit 1,09€ / bouteille
</div><!----><!----><!----></eg-product-trade-prices></strong> Code : 211379<br _ngcontent-wkf-c235=""></div></div><button _ngcontent-wkf-c235="" type="button" class="btn btn__icon__basic"><svg _ngcontent-wkf-c235="" xmlns="http://www.w3.org/2000/svg" viewBox="0 0 19 17.08" width="37" height="34"><path _ngcontent-wkf-c235="" d="M14.25,17.08a1.88,1.88,0,1,1,1.88-1.88A1.88,1.88,0,0,1,14.25,17.08Zm0-3.05a1.18,1.18,0,1,0,1.18,1.18A1.18,1.18,0,0,0,14.25,14Z"></path><path _ngcontent-wkf-c235="" d="M6.65,17.08A1.88,1.88,0,1,1,8.53,15.2,1.88,1.88,0,0,1,6.65,17.08Zm0-3.05A1.18,1.18,0,1,0,7.83,15.2,1.18,1.18,0,0,0,6.65,14Z"></path><path _ngcontent-wkf-c235="" d="M16.7,8.49,5.15,10,3.72,3H18Zm2.22-6a.41.41,0,0,0-.32-.15h-15l-.4-2c0-.15-.24-.31-.4-.31H.4A.37.37,0,0,0,0,.39.37.37,0,0,0,.4.77H2.45l1.9,9.42A2.77,2.77,0,0,0,7,12.35h9.1a.39.39,0,1,0,0-.77h-9a1.84,1.84,0,0,1-1.58-.85L17.1,9.19a.34.34,0,0,0,.32-.31L19,2.7A.37.37,0,0,0,18.92,2.47Z"></path></svg></button></div></eg-gabarit-price></div><!----><!----><!----></div><!----><!----></footer></div></div><!----></div><!----><!----><!----><!----><!----><!----></eg-gabarit-basic><!----><!----><eg-gabarit-basic _ngcontent-wkf-c237="" _nghost-wkf-c236="" id="masonry-item-11" class="ng-star-inserted"><div _ngcontent-wkf-c236="" ngxmasonryitem="" class="Boissons gabarit gabarit__xs gabarit__xs__1 grid-item ng-star-inserted" style="position: absolute; left: 0px; top: 2736.64px; opacity: 1; transition-property: opacity, transform; transition-duration: 0.4s; transition-delay: 0ms;"><div _ngcontent-wkf-c236="" class="wrapper ng-star-inserted"><!----><header _ngcontent-wkf-c236="" class="header"><img _ngcontent-wkf-c236="" class="hidded" src="https://cstatic.transgourmet.fr/tg-ecommerce/images/products/detail/228619.jpg"><a _ngcontent-wkf-c236=""><img _ngcontent-wkf-c236="" class="visuel ng-star-inserted" src="https://cstatic.transgourmet.fr/tg-ecommerce/images/products/detail/228619.jpg"><!----><!----><!----></a><eg-product-info-pictos _ngcontent-wkf-c236="" _nghost-wkf-c203=""><div _ngcontent-wkf-c203="" id="infos-special-pictos"><!----><!----></div></eg-product-info-pictos></header><div _ngcontent-wkf-c236="" class="body"><eg-products-info-top-cartouche _ngcontent-wkf-c236="" _nghost-wkf-c199="" class="ng-star-inserted"><div _ngcontent-wkf-c199="" id="infos-top" class="d-flex justify-content-end infos-top infos-top-body infos-top-cartouche ng-star-inserted"><div _ngcontent-wkf-c199="" id="infos-top__stripe" class="d-flex align-items-center justify-content-center infos-top__stripe"><img _ngcontent-wkf-c199="" src="assets/images/cartouche/promo.png"></div></div><!----></eg-products-info-top-cartouche><!----><div _ngcontent-wkf-c236="" class="labels"><div _ngcontent-wkf-c236="" class="labels-container"></div><eg-products-info-top-fide _ngcontent-wkf-c236="" _nghost-wkf-c200=""><!----></eg-products-info-top-fide></div><div _ngcontent-wkf-c236="" id="category"><h5 _ngcontent-wkf-c236="" class="category"><span _ngcontent-wkf-c236="" class="txt ng-star-inserted">FUZETEA</span><!----><!----></h5><eg-product-temperature-block _ngcontent-wkf-c236="" _nghost-wkf-c202=""><!----><!----></eg-product-temperature-block></div><div _ngcontent-wkf-c236="" class="title-wrapper"><a _ngcontent-wkf-c236=""><h3 _ngcontent-wkf-c236="" class="title">Fuzetea peche intense</h3><!----></a></div><p _ngcontent-wkf-c236="" class="text"> Bouteille de 400 ml.<br _ngcontent-wkf-c236="" class="ng-star-inserted"><!----> Colis de 12 bouteilles.<br _ngcontent-wkf-c236="" class="ng-star-inserted"><!----><!----><!----><!----></p><footer _ngcontent-wkf-c236=""><eg-gabarit-price _ngcontent-wkf-c236="" _nghost-wkf-c235="" class="ng-star-inserted"><div _ngcontent-wkf-c235="" class="price"> 9,72€ <!----></div><div _ngcontent-wkf-c235="" class="extra-wrapper"><div _ngcontent-wkf-c235="" class="extra"><div _ngcontent-wkf-c235=""><strong _ngcontent-wkf-c235=""><eg-product-trade-prices _ngcontent-wkf-c235="" _nghost-wkf-c155=""><div _ngcontent-wkf-c155="" class="prices-unity">Soit 2,03€ / L </div><div _ngcontent-wkf-c155="" class="prices-unity prices-other ng-star-inserted">Soit 0,81€ / bouteille
</div><!----><!----><!----></eg-product-trade-prices></strong> Code : 207178<br _ngcontent-wkf-c235=""></div></div><button _ngcontent-wkf-c235="" type="button" class="btn btn__icon__basic"><svg _ngcontent-wkf-c235="" xmlns="http://www.w3.org/2000/svg" viewBox="0 0 19 17.08" width="37" height="34"><path _ngcontent-wkf-c235="" d="M14.25,17.08a1.88,1.88,0,1,1,1.88-1.88A1.88,1.88,0,0,1,14.25,17.08Zm0-3.05a1.18,1.18,0,1,0,1.18,1.18A1.18,1.18,0,0,0,14.25,14Z"></path><path _ngcontent-wkf-c235="" d="M6.65,17.08A1.88,1.88,0,1,1,8.53,15.2,1.88,1.88,0,0,1,6.65,17.08Zm0-3.05A1.18,1.18,0,1,0,7.83,15.2,1.18,1.18,0,0,0,6.65,14Z"></path><path _ngcontent-wkf-c235="" d="M16.7,8.49,5.15,10,3.72,3H18Zm2.22-6a.41.41,0,0,0-.32-.15h-15l-.4-2c0-.15-.24-.31-.4-.31H.4A.37.37,0,0,0,0,.39.37.37,0,0,0,.4.77H2.45l1.9,9.42A2.77,2.77,0,0,0,7,12.35h9.1a.39.39,0,1,0,0-.77h-9a1.84,1.84,0,0,1-1.58-.85L17.1,9.19a.34.34,0,0,0,.32-.31L19,2.7A.37.37,0,0,0,18.92,2.47Z"></path></svg></button></div></eg-gabarit-price><!----></footer></div></div><!----></div><!----><!----><!----><!----><!----><!----></eg-gabarit-basic><!----><!----><eg-gabarit-basic _ngcontent-wkf-c237="" _nghost-wkf-c236="" id="masonry-item-12" class="ng-star-inserted"><div _ngcontent-wkf-c236="" ngxmasonryitem="" class="Boissons gabarit gabarit__xs gabarit__xs__1 grid-item ng-star-inserted" style="position: absolute; left: 201px; top: 2736.64px; opacity: 1; transition-property: opacity, transform; transition-duration: 0.4s; transition-delay: 0ms;"><div _ngcontent-wkf-c236="" class="wrapper ng-star-inserted"><!----><header _ngcontent-wkf-c236="" class="header"><img _ngcontent-wkf-c236="" class="hidded" src="https://cstatic.transgourmet.fr/tg-ecommerce/images/products/detail/255762.jpg"><a _ngcontent-wkf-c236=""><img _ngcontent-wkf-c236="" class="visuel ng-star-inserted" src="https://cstatic.transgourmet.fr/tg-ecommerce/images/products/detail/255762.jpg"><!----><!----><!----></a><eg-product-info-pictos _ngcontent-wkf-c236="" _nghost-wkf-c203=""><div _ngcontent-wkf-c203="" id="infos-special-pictos"><!----><!----></div></eg-product-info-pictos></header><div _ngcontent-wkf-c236="" class="body"><eg-products-info-top-cartouche _ngcontent-wkf-c236="" _nghost-wkf-c199="" class="ng-star-inserted"><div _ngcontent-wkf-c199="" id="infos-top" class="d-flex justify-content-end infos-top infos-top-body infos-top-cartouche ng-star-inserted"><div _ngcontent-wkf-c199="" id="infos-top__stripe" class="d-flex align-items-center justify-content-center infos-top__stripe"><img _ngcontent-wkf-c199="" src="assets/images/cartouche/promo.png"></div></div><!----></eg-products-info-top-cartouche><!----><div _ngcontent-wkf-c236="" class="labels"><div _ngcontent-wkf-c236="" class="labels-container"></div><eg-products-info-top-fide _ngcontent-wkf-c236="" _nghost-wkf-c200=""><!----></eg-products-info-top-fide></div><div _ngcontent-wkf-c236="" id="category"><h5 _ngcontent-wkf-c236="" class="category"><span _ngcontent-wkf-c236="" class="txt ng-star-inserted">NESTLE PURE LIFE</span><!----><!----></h5><eg-product-temperature-block _ngcontent-wkf-c236="" _nghost-wkf-c202=""><!----><!----></eg-product-temperature-block></div><div _ngcontent-wkf-c236="" class="title-wrapper"><a _ngcontent-wkf-c236=""><h3 _ngcontent-wkf-c236="" class="title">Nestlé pure life</h3><!----></a></div><p _ngcontent-wkf-c236="" class="text"> Portion de 500 ml.<br _ngcontent-wkf-c236="" class="ng-star-inserted"><!----> Colis de 24 portions.<br _ngcontent-wkf-c236="" class="ng-star-inserted"><!----><!----><!----><!----></p><footer _ngcontent-wkf-c236=""><eg-gabarit-price _ngcontent-wkf-c236="" _nghost-wkf-c235="" class="ng-star-inserted"><div _ngcontent-wkf-c235="" class="price"> 5,28€ <!----></div><div _ngcontent-wkf-c235="" class="extra-wrapper"><div _ngcontent-wkf-c235="" class="extra"><div _ngcontent-wkf-c235=""><strong _ngcontent-wkf-c235=""><eg-product-trade-prices _ngcontent-wkf-c235="" _nghost-wkf-c155=""><div _ngcontent-wkf-c155="" class="prices-unity">Soit 0,44€ / L </div><!----><div _ngcontent-wkf-c155="" class="prices-unity prices-other ng-star-inserted">Soit 0,22€ / portions </div><!----><!----></eg-product-trade-prices></strong> Code : 950415<br _ngcontent-wkf-c235=""></div></div><button _ngcontent-wkf-c235="" type="button" class="btn btn__icon__basic"><svg _ngcontent-wkf-c235="" xmlns="http://www.w3.org/2000/svg" viewBox="0 0 19 17.08" width="37" height="34"><path _ngcontent-wkf-c235="" d="M14.25,17.08a1.88,1.88,0,1,1,1.88-1.88A1.88,1.88,0,0,1,14.25,17.08Zm0-3.05a1.18,1.18,0,1,0,1.18,1.18A1.18,1.18,0,0,0,14.25,14Z"></path><path _ngcontent-wkf-c235="" d="M6.65,17.08A1.88,1.88,0,1,1,8.53,15.2,1.88,1.88,0,0,1,6.65,17.08Zm0-3.05A1.18,1.18,0,1,0,7.83,15.2,1.18,1.18,0,0,0,6.65,14Z"></path><path _ngcontent-wkf-c235="" d="M16.7,8.49,5.15,10,3.72,3H18Zm2.22-6a.41.41,0,0,0-.32-.15h-15l-.4-2c0-.15-.24-.31-.4-.31H.4A.37.37,0,0,0,0,.39.37.37,0,0,0,.4.77H2.45l1.9,9.42A2.77,2.77,0,0,0,7,12.35h9.1a.39.39,0,1,0,0-.77h-9a1.84,1.84,0,0,1-1.58-.85L17.1,9.19a.34.34,0,0,0,.32-.31L19,2.7A.37.37,0,0,0,18.92,2.47Z"></path></svg></button></div></eg-gabarit-price><!----></footer></div></div><!----></div><!----><!----><!----><!----><!----><!----></eg-gabarit-basic><!----><!----><eg-gabarit-basic _ngcontent-wkf-c237="" _nghost-wkf-c236="" id="masonry-item-13" class="ng-star-inserted"><div _ngcontent-wkf-c236="" ngxmasonryitem="" class="Boissons gabarit gabarit__xs gabarit__xs__1 grid-item ng-star-inserted" style="position: absolute; left: 0px; top: 3081.44px; opacity: 1; transition-property: opacity, transform; transition-duration: 0.4s; transition-delay: 0ms;"><div _ngcontent-wkf-c236="" class="wrapper ng-star-inserted"><!----><header _ngcontent-wkf-c236="" class="header"><img _ngcontent-wkf-c236="" class="hidded" src="https://cstatic.transgourmet.fr/tg-ecommerce/images/products/detail/247151.jpg"><a _ngcontent-wkf-c236=""><img _ngcontent-wkf-c236="" class="visuel ng-star-inserted" src="https://cstatic.transgourmet.fr/tg-ecommerce/images/products/detail/247151.jpg"><!----><!----><!----></a><eg-product-info-pictos _ngcontent-wkf-c236="" _nghost-wkf-c203=""><div _ngcontent-wkf-c203="" id="infos-special-pictos"><!----><!----></div></eg-product-info-pictos></header><div _ngcontent-wkf-c236="" class="body"><eg-products-info-top-cartouche _ngcontent-wkf-c236="" _nghost-wkf-c199="" class="ng-star-inserted"><div _ngcontent-wkf-c199="" id="infos-top" class="d-flex justify-content-end infos-top infos-top-body infos-top-cartouche ng-star-inserted"><div _ngcontent-wkf-c199="" id="infos-top__stripe" class="d-flex align-items-center justify-content-center infos-top__stripe"><img _ngcontent-wkf-c199="" src="assets/images/cartouche/promo.png"></div></div><!----></eg-products-info-top-cartouche><!----><div _ngcontent-wkf-c236="" class="labels"><div _ngcontent-wkf-c236="" class="labels-container"></div><eg-products-info-top-fide _ngcontent-wkf-c236="" _nghost-wkf-c200=""><!----></eg-products-info-top-fide></div><div _ngcontent-wkf-c236="" id="category"><h5 _ngcontent-wkf-c236="" class="category"><span _ngcontent-wkf-c236="" class="txt ng-star-inserted">BADOIT</span><!----><!----></h5><eg-product-temperature-block _ngcontent-wkf-c236="" _nghost-wkf-c202=""><!----><!----></eg-product-temperature-block></div><div _ngcontent-wkf-c236="" class="title-wrapper"><a _ngcontent-wkf-c236=""><h3 _ngcontent-wkf-c236="" class="title">Badoit verte</h3><!----></a></div><p _ngcontent-wkf-c236="" class="text"> Portion de 500 ml.<br _ngcontent-wkf-c236="" class="ng-star-inserted"><!----> Colis de 30 portions.<br _ngcontent-wkf-c236="" class="ng-star-inserted"><!----><!----><!----><!----></p><footer _ngcontent-wkf-c236=""><eg-gabarit-price _ngcontent-wkf-c236="" _nghost-wkf-c235="" class="ng-star-inserted"><div _ngcontent-wkf-c235="" class="price"> 18,00€ <!----></div><div _ngcontent-wkf-c235="" class="extra-wrapper"><div _ngcontent-wkf-c235="" class="extra"><div _ngcontent-wkf-c235=""><strong _ngcontent-wkf-c235=""><eg-product-trade-prices _ngcontent-wkf-c235="" _nghost-wkf-c155=""><div _ngcontent-wkf-c155="" class="prices-unity">Soit 1,20€ / L </div><!----><div _ngcontent-wkf-c155="" class="prices-unity prices-other ng-star-inserted">Soit 0,60€ / portions </div><!----><!----></eg-product-trade-prices></strong> Code : 439257<br _ngcontent-wkf-c235=""></div></div><button _ngcontent-wkf-c235="" type="button" class="btn btn__icon__basic"><svg _ngcontent-wkf-c235="" xmlns="http://www.w3.org/2000/svg" viewBox="0 0 19 17.08" width="37" height="34"><path _ngcontent-wkf-c235="" d="M14.25,17.08a1.88,1.88,0,1,1,1.88-1.88A1.88,1.88,0,0,1,14.25,17.08Zm0-3.05a1.18,1.18,0,1,0,1.18,1.18A1.18,1.18,0,0,0,14.25,14Z"></path><path _ngcontent-wkf-c235="" d="M6.65,17.08A1.88,1.88,0,1,1,8.53,15.2,1.88,1.88,0,0,1,6.65,17.08Zm0-3.05A1.18,1.18,0,1,0,7.83,15.2,1.18,1.18,0,0,0,6.65,14Z"></path><path _ngcontent-wkf-c235="" d="M16.7,8.49,5.15,10,3.72,3H18Zm2.22-6a.41.41,0,0,0-.32-.15h-15l-.4-2c0-.15-.24-.31-.4-.31H.4A.37.37,0,0,0,0,.39.37.37,0,0,0,.4.77H2.45l1.9,9.42A2.77,2.77,0,0,0,7,12.35h9.1a.39.39,0,1,0,0-.77h-9a1.84,1.84,0,0,1-1.58-.85L17.1,9.19a.34.34,0,0,0,.32-.31L19,2.7A.37.37,0,0,0,18.92,2.47Z"></path></svg></button></div></eg-gabarit-price><!----></footer></div></div><!----></div><!----><!----><!----><!----><!----><!----></eg-gabarit-basic><!----><!----><eg-gabarit-basic _ngcontent-wkf-c237="" _nghost-wkf-c236="" id="masonry-item-14" class="ng-star-inserted"><div _ngcontent-wkf-c236="" ngxmasonryitem="" class="Boissons gabarit gabarit__xs gabarit__xs__1 grid-item ng-star-inserted" style="position: absolute; left: 201px; top: 3081.44px; opacity: 1; transition-property: opacity, transform; transition-duration: 0.4s; transition-delay: 0ms;"><div _ngcontent-wkf-c236="" class="wrapper ng-star-inserted"><!----><header _ngcontent-wkf-c236="" class="header"><img _ngcontent-wkf-c236="" class="hidded" src="https://cstatic.transgourmet.fr/tg-ecommerce/images/products/detail/221306.jpg"><a _ngcontent-wkf-c236=""><img _ngcontent-wkf-c236="" class="visuel ng-star-inserted" src="https://cstatic.transgourmet.fr/tg-ecommerce/images/products/detail/221306.jpg"><!----><!----><!----></a><eg-product-info-pictos _ngcontent-wkf-c236="" _nghost-wkf-c203=""><div _ngcontent-wkf-c203="" id="infos-special-pictos"><!----><!----></div></eg-product-info-pictos></header><div _ngcontent-wkf-c236="" class="body"><eg-products-info-top-cartouche _ngcontent-wkf-c236="" _nghost-wkf-c199="" class="ng-star-inserted"><div _ngcontent-wkf-c199="" id="infos-top" class="d-flex justify-content-end infos-top infos-top-body infos-top-cartouche ng-star-inserted"><div _ngcontent-wkf-c199="" id="infos-top__stripe" class="d-flex align-items-center justify-content-center infos-top__stripe"><img _ngcontent-wkf-c199="" src="assets/images/cartouche/promo.png"></div></div><!----></eg-products-info-top-cartouche><!----><div _ngcontent-wkf-c236="" class="labels"><div _ngcontent-wkf-c236="" class="labels-container"></div><eg-products-info-top-fide _ngcontent-wkf-c236="" _nghost-wkf-c200=""><!----></eg-products-info-top-fide></div><div _ngcontent-wkf-c236="" id="category"><h5 _ngcontent-wkf-c236="" class="category"><span _ngcontent-wkf-c236="" class="txt ng-star-inserted">CRISTALINE</span><!----><!----></h5><eg-product-temperature-block _ngcontent-wkf-c236="" _nghost-wkf-c202=""><!----><!----></eg-product-temperature-block></div><div _ngcontent-wkf-c236="" class="title-wrapper"><a _ngcontent-wkf-c236=""><h3 _ngcontent-wkf-c236="" class="title">Cristaline</h3><!----></a></div><p _ngcontent-wkf-c236="" class="text"> Portion de 500 ml.<br _ngcontent-wkf-c236="" class="ng-star-inserted"><!----> Colis de 24 portions.<br _ngcontent-wkf-c236="" class="ng-star-inserted"><!----><!----><!----><!----></p><footer _ngcontent-wkf-c236=""><eg-gabarit-price _ngcontent-wkf-c236="" _nghost-wkf-c235="" class="ng-star-inserted"><div _ngcontent-wkf-c235="" class="price"> 4,32€ <!----></div><div _ngcontent-wkf-c235="" class="extra-wrapper"><div _ngcontent-wkf-c235="" class="extra"><div _ngcontent-wkf-c235=""><strong _ngcontent-wkf-c235=""><eg-product-trade-prices _ngcontent-wkf-c235="" _nghost-wkf-c155=""><div _ngcontent-wkf-c155="" class="prices-unity">Soit 0,36€ / L </div><!----><div _ngcontent-wkf-c155="" class="prices-unity prices-other ng-star-inserted">Soit 0,18€ / portions </div><!----><!----></eg-product-trade-prices></strong> Code : 410605<br _ngcontent-wkf-c235=""></div></div><button _ngcontent-wkf-c235="" type="button" class="btn btn__icon__basic"><svg _ngcontent-wkf-c235="" xmlns="http://www.w3.org/2000/svg" viewBox="0 0 19 17.08" width="37" height="34"><path _ngcontent-wkf-c235="" d="M14.25,17.08a1.88,1.88,0,1,1,1.88-1.88A1.88,1.88,0,0,1,14.25,17.08Zm0-3.05a1.18,1.18,0,1,0,1.18,1.18A1.18,1.18,0,0,0,14.25,14Z"></path><path _ngcontent-wkf-c235="" d="M6.65,17.08A1.88,1.88,0,1,1,8.53,15.2,1.88,1.88,0,0,1,6.65,17.08Zm0-3.05A1.18,1.18,0,1,0,7.83,15.2,1.18,1.18,0,0,0,6.65,14Z"></path><path _ngcontent-wkf-c235="" d="M16.7,8.49,5.15,10,3.72,3H18Zm2.22-6a.41.41,0,0,0-.32-.15h-15l-.4-2c0-.15-.24-.31-.4-.31H.4A.37.37,0,0,0,0,.39.37.37,0,0,0,.4.77H2.45l1.9,9.42A2.77,2.77,0,0,0,7,12.35h9.1a.39.39,0,1,0,0-.77h-9a1.84,1.84,0,0,1-1.58-.85L17.1,9.19a.34.34,0,0,0,.32-.31L19,2.7A.37.37,0,0,0,18.92,2.47Z"></path></svg></button></div></eg-gabarit-price><!----></footer></div></div><!----></div><!----><!----><!----><!----><!----><!----></eg-gabarit-basic><!----><!----><!----></ngx-masonry><!----></div><!----></div><!----><!----><div _ngcontent-wkf-c237="" class="container container__catalogue ng-star-inserted"><div _ngcontent-wkf-c237="" class="ng-star-inserted"><div _ngcontent-wkf-c237="" class="title__catalogue"><h2 _ngcontent-wkf-c237="" class="text">Boulangerie Viennoiserie</h2><div _ngcontent-wkf-c237="" class="badge_catalogue">13 produits</div></div><ngx-masonry _ngcontent-wkf-c237="" _nghost-wkf-c142="" class="ng-star-inserted" style="position: relative; height: 2808.76px;"><eg-gabarit-basic _ngcontent-wkf-c237="" _nghost-wkf-c236="" id="masonry-item-0" class="ng-star-inserted"><div _ngcontent-wkf-c236="" ngxmasonryitem="" class="Boulangerie Viennoiserie gabarit gabarit__xs gabarit__xs__1 grid-item ng-star-inserted" style="position: absolute; left: 0px; top: 0px; opacity: 1; transition-property: opacity, transform; transition-duration: 0.4s; transition-delay: 0ms;"><div _ngcontent-wkf-c236="" class="wrapper ng-star-inserted"><!----><header _ngcontent-wkf-c236="" class="header"><img _ngcontent-wkf-c236="" class="hidded" src="https://cstatic.transgourmet.fr/tg-ecommerce/images/products/detail/203443.jpg"><a _ngcontent-wkf-c236=""><img _ngcontent-wkf-c236="" class="visuel ng-star-inserted" src="https://cstatic.transgourmet.fr/tg-ecommerce/images/products/detail/203443.jpg"><!----><!----><!----></a><eg-product-info-pictos _ngcontent-wkf-c236="" _nghost-wkf-c203=""><div _ngcontent-wkf-c203="" id="infos-special-pictos"><img _ngcontent-wkf-c203="" alt="veggie" src="assets/images/picto-veggie-web-blanc.png" class="ng-star-inserted"><!----><!----></div></eg-product-info-pictos></header><div _ngcontent-wkf-c236="" class="body"><eg-products-info-top-cartouche _ngcontent-wkf-c236="" _nghost-wkf-c199="" class="ng-star-inserted"><div _ngcontent-wkf-c199="" id="infos-top" class="d-flex justify-content-end infos-top infos-top-body infos-top-cartouche ng-star-inserted"><div _ngcontent-wkf-c199="" id="infos-top__stripe" class="d-flex align-items-center justify-content-center infos-top__stripe"><img _ngcontent-wkf-c199="" src="assets/images/cartouche/promo.png"></div></div><!----></eg-products-info-top-cartouche><!----><div _ngcontent-wkf-c236="" class="labels"><div _ngcontent-wkf-c236="" class="labels-container"></div><eg-products-info-top-fide _ngcontent-wkf-c236="" _nghost-wkf-c200=""><div _ngcontent-wkf-c200="" id="info-top-fide" class="d-flex flex-row justify-content-end ng-star-inserted"><div _ngcontent-wkf-c200="" class="d-flex flex-row-reverse justify-content-between w-100"><!----><div _ngcontent-wkf-c200="" class="order-1 points-labo ng-star-inserted" title="4 points /&nbsp;colis"><div _ngcontent-wkf-c200="" class="points">4</div><div _ngcontent-wkf-c200="" class="unit labo"><span _ngcontent-wkf-c200="">/&nbsp;colis</span></div><img _ngcontent-wkf-c200="" src="assets/images/points-labo.54e2fda2.jpg" alt=""></div><!----></div></div><!----></eg-products-info-top-fide></div><div _ngcontent-wkf-c236="" id="category"><h5 _ngcontent-wkf-c236="" class="category"><span _ngcontent-wkf-c236="" class="txt ng-star-inserted">LEGAVE</span><!----><!----></h5><eg-product-temperature-block _ngcontent-wkf-c236="" _nghost-wkf-c202=""><!----><img _ngcontent-wkf-c202="" src="https://cstatic.transgourmet.fr/tg-ecommerce/images/picto-surgele.png" class="pictoImg ng-star-inserted" alt="Surgelé" title="Surgelé"><!----><!----><!----></eg-product-temperature-block></div><div _ngcontent-wkf-c236="" class="title-wrapper"><a _ngcontent-wkf-c236=""><h3 _ngcontent-wkf-c236="" class="title">Pain au chocolat cru</h3><!----></a></div><p _ngcontent-wkf-c236="" class="text"> Portion de 80 g.<br _ngcontent-wkf-c236="" class="ng-star-inserted"><!----> Colis de 150 portions.<br _ngcontent-wkf-c236="" class="ng-star-inserted"><!----><!----><!----><!----></p><footer _ngcontent-wkf-c236=""><eg-gabarit-price _ngcontent-wkf-c236="" _nghost-wkf-c235="" class="ng-star-inserted"><div _ngcontent-wkf-c235="" class="price"> 45,00€ <!----></div><div _ngcontent-wkf-c235="" class="extra-wrapper"><div _ngcontent-wkf-c235="" class="extra"><div _ngcontent-wkf-c235=""><strong _ngcontent-wkf-c235=""><eg-product-trade-prices _ngcontent-wkf-c235="" _nghost-wkf-c155=""><div _ngcontent-wkf-c155="" class="prices-unity">Soit 3,75€ / kg </div><!----><div _ngcontent-wkf-c155="" class="prices-unity prices-other ng-star-inserted">Soit 0,30€ / portions </div><!----><!----></eg-product-trade-prices></strong> Code : 814616<br _ngcontent-wkf-c235=""></div></div><button _ngcontent-wkf-c235="" type="button" class="btn btn__icon__basic"><svg _ngcontent-wkf-c235="" xmlns="http://www.w3.org/2000/svg" viewBox="0 0 19 17.08" width="37" height="34"><path _ngcontent-wkf-c235="" d="M14.25,17.08a1.88,1.88,0,1,1,1.88-1.88A1.88,1.88,0,0,1,14.25,17.08Zm0-3.05a1.18,1.18,0,1,0,1.18,1.18A1.18,1.18,0,0,0,14.25,14Z"></path><path _ngcontent-wkf-c235="" d="M6.65,17.08A1.88,1.88,0,1,1,8.53,15.2,1.88,1.88,0,0,1,6.65,17.08Zm0-3.05A1.18,1.18,0,1,0,7.83,15.2,1.18,1.18,0,0,0,6.65,14Z"></path><path _ngcontent-wkf-c235="" d="M16.7,8.49,5.15,10,3.72,3H18Zm2.22-6a.41.41,0,0,0-.32-.15h-15l-.4-2c0-.15-.24-.31-.4-.31H.4A.37.37,0,0,0,0,.39.37.37,0,0,0,.4.77H2.45l1.9,9.42A2.77,2.77,0,0,0,7,12.35h9.1a.39.39,0,1,0,0-.77h-9a1.84,1.84,0,0,1-1.58-.85L17.1,9.19a.34.34,0,0,0,.32-.31L19,2.7A.37.37,0,0,0,18.92,2.47Z"></path></svg></button></div></eg-gabarit-price><!----></footer></div></div><!----></div><!----><!----><!----><!----><!----><!----></eg-gabarit-basic><!----><!----><eg-gabarit-basic _ngcontent-wkf-c237="" _nghost-wkf-c236="" id="masonry-item-1" class="ng-star-inserted"><div _ngcontent-wkf-c236="" ngxmasonryitem="" class="Boulangerie Viennoiserie gabarit gabarit__xs gabarit__xs__1 grid-item ng-star-inserted" style="position: absolute; left: 201px; top: 0px; opacity: 1; transition-property: opacity, transform; transition-duration: 0.4s; transition-delay: 0ms;"><div _ngcontent-wkf-c236="" class="wrapper ng-star-inserted"><!----><header _ngcontent-wkf-c236="" class="header"><img _ngcontent-wkf-c236="" class="hidded" src="https://cstatic.transgourmet.fr/tg-ecommerce/images/products/detail/245744.jpg"><a _ngcontent-wkf-c236=""><img _ngcontent-wkf-c236="" class="visuel ng-star-inserted" src="https://cstatic.transgourmet.fr/tg-ecommerce/images/products/detail/245744.jpg"><!----><!----><!----></a><eg-product-info-pictos _ngcontent-wkf-c236="" _nghost-wkf-c203=""><div _ngcontent-wkf-c203="" id="infos-special-pictos"><!----><img _ngcontent-wkf-c203="" alt="vegan" src="assets/images/picto-vegan-web-blanc.png" class="ng-star-inserted"><!----></div></eg-product-info-pictos></header><div _ngcontent-wkf-c236="" class="body"><eg-products-info-top-cartouche _ngcontent-wkf-c236="" _nghost-wkf-c199="" class="ng-star-inserted"><div _ngcontent-wkf-c199="" id="infos-top" class="d-flex justify-content-end infos-top infos-top-body infos-top-cartouche ng-star-inserted"><div _ngcontent-wkf-c199="" id="infos-top__stripe" class="d-flex align-items-center justify-content-center infos-top__stripe"><img _ngcontent-wkf-c199="" src="assets/images/cartouche/promo.png"></div></div><!----></eg-products-info-top-cartouche><!----><div _ngcontent-wkf-c236="" class="labels"><div _ngcontent-wkf-c236="" class="labels-container"></div><eg-products-info-top-fide _ngcontent-wkf-c236="" _nghost-wkf-c200=""><!----></eg-products-info-top-fide></div><div _ngcontent-wkf-c236="" id="category" class="category-highlight"><h5 _ngcontent-wkf-c236="" class="category"><!----><span _ngcontent-wkf-c236="" class="logo-highlight-brand ng-star-inserted"><svg-icon _ngcontent-wkf-c236=""><svg xmlns:dc="http://purl.org/dc/elements/1.1/" xmlns:cc="http://creativecommons.org/ns#" xmlns:rdf="http://www.w3.org/1999/02/22-rdf-syntax-ns#" xmlns:svg="http://www.w3.org/2000/svg" xmlns="http://www.w3.org/2000/svg" xmlns:xlink="http://www.w3.org/1999/xlink" xmlns:sodipodi="http://sodipodi.sourceforge.net/DTD/sodipodi-0.dtd" xmlns:inkscape="http://www.inkscape.org/namespaces/inkscape" version="1.1" id="svg10" width="286.07999" height="84.800003" viewBox="0 0 286.07999 84.800003" sodipodi:docname="logo-natura.svg" inkscape:version="1.0.1 (3bc2e813f5, 2020-09-07)" _ngcontent-wkf-c236="" aria-hidden="true" style="height: 22px;">
  <metadata id="metadata16" _ngcontent-wkf-c236="">
    <rdf:rdf _ngcontent-wkf-c236="">
      <cc:work rdf:about="" _ngcontent-wkf-c236="">
        <dc:format _ngcontent-wkf-c236="">image/svg+xml</dc:format>
        <dc:type rdf:resource="http://purl.org/dc/dcmitype/StillImage" _ngcontent-wkf-c236=""></dc:type>
        <dc:title _ngcontent-wkf-c236=""></dc:title>
      </cc:work>
    </rdf:rdf>
  </metadata>
  <defs id="defs14" _ngcontent-wkf-c236=""></defs>
  <sodipodi:namedview pagecolor="#ffffff" bordercolor="#666666" borderopacity="1" objecttolerance="10" gridtolerance="10" guidetolerance="10" inkscape:pageopacity="0" inkscape:pageshadow="2" inkscape:window-width="1920" inkscape:window-height="1011" id="namedview12" showgrid="false" inkscape:zoom="4.2505595" inkscape:cx="143.03999" inkscape:cy="42.400002" inkscape:window-x="-8" inkscape:window-y="-8" inkscape:window-maximized="1" inkscape:current-layer="g18" _ngcontent-wkf-c236=""></sodipodi:namedview>
  <g inkscape:groupmode="layer" inkscape:label="Image" id="g18" _ngcontent-wkf-c236="">
    <image width="286.07999" height="84.800003" preserveAspectRatio="none" xlink:href="data:image/png;base64,iVBORw0KGgoAAAANSUhEUgAAA34AAAEJCAYAAADLkfVEAAAABmJLR0QA/wD/AP+gvaeTAAAACXBI
WXMAAC4jAAAuIwF4pT92AAAAB3RJTUUH5QEbCjcEqtg4RAAAIABJREFUeNrt3X9wVPWh9/FPOx22
I4YkjleiD5rY5oJBkVwJah9RDgO9Dw/Yh4A6/uhcWbi2SNeRWHvV5xEk3tBWubWGPu7VWgqLnbYy
KAlXyUNHMhwEr0oSGogY4YaaQC4G67DEFcfl/uHzx56N+zPZJLtn92zer5kMJNnsnv2es9/z/Zzv
93y/X/vyyy8FAAAAAMhfX6cIAAAAAIDgBwAAAAAg+AEAAAAACH4AAAAAAIIfAAAAAIDgBwAAAAAg
+AEAAAAACH4AAAAAQPADAAAAABD8AAAAAAAEPwAAAAAAwQ8AAAAAkGHfGOoBLo9hSNpDUQGOMSfo
NU2KAQAAAGH0+AEAAAAAwQ8AAAAAQPADAAAAABD8AAAAAAAEPwAAAAAAwQ8AAAAAQPADAAAAABD8
AAAAAIDgBwAAAAAg+AEAAAAACH4AAAAAAIIfAAAAAIDgBwAAAAAg+AEAAAAACH4AAAAAQPADAAAA
ABD8AAAAAAAEPwAAAAAAwQ8AAAAAQPADAAAAABD8AAAAAAAEPwAAAAAAwQ8AAAAACH4AAAAAAIIf
AAAAAIDgBwAAAAAg+AEAAAAACH4AAAAAAIIfAAAAAIDgBwAAAAAEPwAAAAAAwQ8AAAAAQPADAAAA
ABD8AAAAAAAEPwAAAAAAwQ8AAAAAQPADAAAAAIIfAAAAAIDgBwAAAAAg+AEAAAAACH4AAAAAAIIf
AAAAAIDgBwAAAAAg+AEAAAAACH4AAAAAQPADAAAAABD8AAAAAAAEPwAAAAAAwQ8AAAAAQPADAAAA
ABD8AAAAAAAEPwAAAAAg+AEAAAAACH4AAAAAAIIfAAAAAIDgBwAAAAAg+AEAAAAACH4AAAAAAIIf
AAAAABD8KAIAAAAAIPgBAAAAAAh+AAAAAACCHwAAAACA4AcAAAAAIPgBAAAAAAh+AAAAAACCHwAA
AAAQ/AAAAAAABD8AAAAAAMEPAAAAAEDwAwAAAAAQ/AAAAAAABD8AAAAAAMEPAAAAAAh+AAAAAACC
HwAAAACA4AcAAAAAIPgBAAAAAAh+AAAAAACCHwAAAACA4AcAAAAAIPgBAAAAAMEPAAAAAEDwAwAA
AAAQ/AAAAAAABD8AAAAAAMEPAAAAAEDwAwAAAAAQ/AAAAACA4AcAAAAAIPgBAAAAAAh+AAAAAIDc
8A2KILsWlJRKkiZfcoUKvjleknTZxSW64pLLh/U8Jz4+qVOf9A18/1H/X3Wq/xNJ0snAGXWcC1DY
AICMc3mMIkk1ktySStP0tDsk1Qe9pkkJAwDBL6eVjHNp9qXf0uSJpbpx6kyVXVqq8knltm/H7pZm
SdKR7k4FPv9MbSc69WnwC+33n2YnAQDSwZQ0Pc3PuUjSIpfHWBb0mj6KGACG72tffvnloA9weQxD
0h6KamRh79Yrr9Hi7yzQvJlzc357u3q71P1Rj955v0Uf9f9VH3zcSyB0pjlcFQeQDS6PUSPp2Qy+
RL+ksqDXPEtpA8Dw0OOXIWuuny/PkhUqLih2zDaXTypX+aTyuJDa2tmqw395T23HOwiDAIDBVGf4
+QslGZIaKWoAIPhlVck4l1794U9VVVGVN++pqqJKVRVVWm597w/4tafN1LtHD6r15DGCIADATpUE
PwAg+BH6bFBcUKwlxmItMRZHBcHmw/v1bu8xJpIBAAAACH7569lF9+d96EslCLZ2tmrXgd3a8x9/
pjcQAAAAIPjljztLKwaCz1gXHhq6WqEJY36zc4uaj7fTEwgAAAAQ/JztiXsephASKJ9UrqdX1EkK
LSXR8HaTNh5to2AAAAAAG32dIhi9O0srsrImn9PMmzlX3gefUd9TDVpz/XyVjHNRKAAAAADBzxmq
r/97CmEYiguKtXrpY+p59k96foFb08YXUCgAAAAAwS93lYxzcW/fKCxf6Fbr+tfoAQQAAAAIfrlr
9qXfohDSYPXSx9T+zy+r5tqbKQwAAACA4JdbJk8spRDSpLigWE+vqNNO9xqGfwIAAAAEv9xx49SZ
FEKazZs5V2+seUn3TZlBYQAAAAAEv+wru5Qev0yZe+0s7vsDAAAA0oB1/EZpOMs47G5plnfXS0M+
rsB1QUpDSC+7uERXXHL5wPczrrpOxQXFji3Lrt4u7Xx7l9o+PKKtPZ0cXAAAAADBz3le2vOKmvp6
UnvwCIPPtPEFqr76JnmWrHBECNzd0qw3DppqPXlM+/2nOUgAAAAAgl9uWVAyvGGeD37vH7X3xcfV
dz6YsW3qOBdQx4Fd+k37Hq2dd7eWL3TnVJlF9urt/egvGS0LAAAAAAQ/21VVVKn9n1/WS7t+r387
tC+jPVx954Na2eTT0d7jenpFXdbesz/g1542U82H9+vd3mPqOBcY1fOVjHMRFgEAAACCX24rLijW
qjse0Ko7HpAUGup44uOTOvVJnz7q/6tO9X8iSfo0+EVagmH94X26wWywbZH5cNB79+jBtA3fLBnn
0q1XXqNl371bknTTcz/hQAIAAAAIfs4xb+bcEYWrtg8OSpKOdHfq1JnTg4ash3a8oDkzjIzc89fa
2arDf3lPR3uPp/0+vTtLK2RcfYMW37IoatvvmzJDG4+2cfAAAAAABL/8VVxQPBAYI4NjV2+XXm5+
Rb9p3xM1HLLvfFCrN6+T98FnRhXwzn7Wr3febxnomUx5opoUlYxzafal30oY9iLN+PY0gh8AAABA
8BubyieVa/XSxzT/+nm6LWYSmY1H23SqbqlmXFEx5PMcO92jQPBzSUp7uIu1oKRUM66o0I1TZ6bU
+7m7pVm/f/v/sbMBAAAAgp89TgbODPtv1m15SnUHdg2EHkkDYWxq6RRNGD9BUmhh+OGsERipqqJK
v73nES30RU/q0tTXk/EgN5hp4ws09eJJmjyxNOWgF9bV26Vntz9PTx8AAABA8LPXSGaoDIe+cBCL
/FcRvxtuoPrR7Nuilm6YN3Ouag6aqj+8Lytls6CkVJcVXqzJl16pq8sqRry4vD/gl3f7r+OGrwIA
AAAg+OWsTExM0nEuoNcO7olbs++xe36slz84kNHAFNmLN7V0iq4tnzbinkoCHwAAAEDwy0ldvV3D
CjreB5/ROmtWzvAyDpLUdqJz0L8bbIjmrOKJ+oebq+N+XlxQrLXz7tbKJl9a3uuCklJNvuQKXXbR
RF1dVjGiGUnTEfhmFU+UpIyugwhkkstjlEkqk1Qpqcj6sZHk4WcltVv/7w5/Bb1mNyU56v0QLvMi
a19EMlJ4inZr/0Ttp6DXNCldADl43qmMOO9UJqnP2iW1O/kcE3GOVcx5VtbPy4Z4isjzbmTZOP7c
S/Abpe6PeobdwxU5K2emLV/olnnkXW3t6Uz5b2YVT9R/m3DRwL14o7nfcDgBOpV7+GYVT9Qrj76g
25++n4MPTjkBFVkhwrBOQLNH8DSLEjxvv3UyMiU1Br1mO6UdV0aVEQG7LOKrNE0vMTvJ60pSeP+E
v0zCOoAs1IFuSdUp1HuzY/52r6SaXDy3WOfVyBBrDFYnj9CiQer3QwpdhA3X7aZTjomvffnll0MV
riFpDx+fxJ5f4I4bYplr/AG/nvrDL6OGfU4bX6DLCy7SZYUX69LCv9GNU2eq6MJCVVVU2bpt280G
/W5fY0qTztw3ZcbAkhTWBw+JzRmLPQ7WFT5DQ1/JG8pZK0h1j3Jbqq2v2TYVQb+kRkn1Yy0ERjQC
jIiQNz0HN7UnIqg3OqBcqxXfKzAUdxqDdTJ7rXK0Q3emQ7vVOK9O4/Y2Br3m2TFSX6elzs7Ae6tW
dC+Trceey2O4rc/iaM8//ZLKsnk8WZ+P2K/CHDys91rn4MZcvshH8BulNdfP1+qlj+XEtnT1dunN
Q/sV+Pwz3Tv/+xlZsD1d2/ly8ytqPPJWyhPkRJZza2erbnruJxx8BL/Yk9zmND/thqDXrMnSyXa0
DlkB0Jen+zsy5Bk2BI0xFdSt8jVztHGVLU8GvWZtBi5YNGagvuhXqKfGl6Of33pJqzLw1MOusx3y
3palui+tz259mo+ph4Jes96m8iuKqdtnO7S+OGTth5y7CEPwG6UFJaVqWLMlpce2drZq25s7VPDN
8bpx6swRz3QZ+XwnTp/Uu0cPqvXksah73iJ7x3KBP+BXw5s7hj3stGScS7+955GoobGbdvrSdt8i
wS8vQkC1pIZsNfasE1WN9ZVrDeVDVgPQdPg+LrMaAdXWv/kWSPZKqs2F/WSVdTuhb3QN8BTLulFJ
hpPl67kgQxfpMhrQh/HeaiWtzdDTLx5qlEAGXz+jZWrljHDdPj3P6ox+KwDW50oA5B6/UUp1LT9/
wK/7Nz/5VQ9XxNIN4fX8JCVcYD3wxTkd+/jEwPcHz/QNOdPlqf5PcqJ8tpsNaj68X69/+N6wZ+e8
s7RCG1b+LC4ctx3v4MBDpJoMP3etAwNf2HRJe1weY4MVLM46acdajcSaPGwMxJpt7adcuKemmtCX
VK0kX5qO7bIMh75w/WXmYBlm+j3XZum91WS43BoHORf5bDie0lm3l1nvKd/rm0IrjNe4PEZ9ti5K
EPzSqONcQP6Af8ieu+KCYl1ecFHCoY2R97ela4H1RLN82iHcs9d2vGNEYU8K9fI9u+h+LTEWJ/z9
6x++x4GH2EZzJivtRCet2hwPfLFWSap2eYxqJ9z/ZzVkzDEQ+BIdy3/OclCvFpJJ55DiMhu2tyjP
yzBhne3yGJVZqucyeT6Yni91pQ29vjkbAMO3g2SzJ57glwZtHxxMaZbOhjVb1NXbpZ1v75L5QUva
Ql7YrOKJqrp8sn6wcGnGZ+GMFH5PbR8eGdYwzkRqrr1Zj93z46RBetNOH+v6IZsnLEOhK6tOvKes
VJLp8hhuB0ws0jgGQ19sUDesfcVsrYDzA28mzkdODH2VYzD0xZ6H97g8RtaGJBP80uCd91tSXp6h
fFK5Vt3xwMCdv7tbmnWku1OnzpzWsY9P6NPgF4OuT1cyzqXrLiqRFBoWWnDBhbq6rGLU9wsOhz/g
1542U82H9+vd3mMpT9AymPumzNBDS1YOGVhfO8jtpsjaCbZWmZmQwE6FkhpcHmNZDk/8UCbn3tCf
TtMdFNQB2K9ezrtAVsNukxTq/atUqPfP1pEdBL80OHZ65D1382bOtW1Nv5Hq6u3S4a6OhJPI2BX4
pNBkNunuJQVSCCKVCvVAlebR29rs8hjtOdqbVMZR55ygDiAr56UaSUsduOnU719ZpNDFPcPO8Efw
S4O9H/0lb96LP+BX2wcH9c77LTp2ukfvf9Kblh69SCXjXLrrquuHPSR18xt/5GBDNvw5T9+Xad0L
080udkRQF+EPgHUx8llKIi9Mtzv8EfzSoO98UK2drbYvfj5a4Z6893uOZizkRVpQUqrvXTdnRAve
725p1sajbRxsQPoUKtSTWUlROEJ9DvfSArCPjyLIu/Dnk00TaxH80uTR3/+LJri+ObAcw9TSKZow
foKKLizMaiDc3dIsSTrS3anA55/p2Oke/eenZ9I6XHOosGdcNVMLvzN/VBPOeHe9xEEGZOCE4/IY
tbkwxTRSCuqmy2OUOW1ZDgDpYc0KOZ2SyDuL7DoXE/zSJBykBu5Bi1inLyxyYhZJKnBdoMkTR3/b
0EjW+cuUknEuzb70WzKuvkGLb1mUlglntpsN3NsHZM5al8fwMeTTMeHPJ5ZcAMZi6CtSaEIX5O+5
2Mz0Ug8EPxv1nQ/GB5hRLn+QC8LLSHz3OiPtE9X4A349tOMFDh4gs+oJE46xyFqPkZk+gbHFrfxe
7ByhC3tlBD/kZNC7Ycp1mjPDyOgyEque/z+s2wfYEyaMbC4qi+E1DhjyCYw5LIWQ/0ozPeST4IdB
TRtfoKkXT9LkiaW6cepMW9cL3G42jHpBeAApcyu0GDByX6HVCKylKICxEwoogrER8F0eoz5TF/YI
fmn21gO/0LY3d6j5eHtGZ8hMl/A9eeF7DcMLwmd7Upqu3i6GeAL2WmpdaeymKGgcAACyIqMX9gh+
aXb4L+/p6RV1kkILjudyCLyztEIbVv7Mth684VjxwuMM8QTs5xa9SE5qHLjFZA8AkG8yFvy+Ttmm
l3nk3YH/V1VU6ekVdWpd/5reeuAXqrn2Zs0qnpgT2zmreKJeeuT5nAx9nl89bNtyEwDigh+c1TgA
AOSXQmvpDoJfrtva06mu3q64n4dDYPO6rTryvzfq+QVu3VlaoZJxruyEq3l35WT5bdrpY6F2IHtK
XR6DBd2dtb+MND8nC8Qn108RALAJwc8pdr69a9Dfl08q1/KFbr30yPPqefZPeuuBX2i9cbutQXDO
DCPnym272aCVTT4OICC7DIpgTDcOGDpK2QDIvtkuj1GW7iflHr8M+F3Ln7TqjgdSfnxVRVXURCqt
na166713dOyjD/XBx71pH/b4/AJ3zg3xbO1sZTIXIDdU08B13P5Km6DX7HZ5jGWSNlO0UfbyuQDg
9PMxwS8DOs4FtN1s0BJj8Yj+PjYIStLulmYd6e7UqTOndezjEzp4pm/Yk58sKCmVZ/69aV9kPR2h
77YXmcwFyBGzx+j7PiRpqBkyK5V7CygXujxGZdBrpm2IZtBr+lwew1ToHsLhDv21o4x6JHXbVL7d
ksyg1/RRNQCO1K+hh7AXSZqeg9tuEPwc4nf7Gkcc/BKZN3NuwsDW2tmqs5/168THJ3Xqk76Ef2v3
+nuEPmDAXuuE0y6pO9kC6dZwjjKrkq/O9gkozxZzD4eEdivYdYdDw0jfo3VfXaW1vxblwHusVprv
zbOW9agZQdmYNlw88GVygWMAjjrHno2o/8J1evdIliayzsWVEefibK+dmPbzC8EvQ5r6etTa2Zrx
tfCyudYeoQ+I0y+p0foyU11jzTpBdVsnrVrr5FMraWmW3kelsreY+0gDzN6IUGdKOpvOXrCY/WVa
r1Hv8hhFCt1nV5PFRoLBRw+AA7Rr+BeGeiLq9XAd356JNUwjzsWNCq2VWmnV7dk6F6f9QizBL4M2
v/FHRwczQh+Qsi2SGoNeszGNJx+3y2PUS/LJ/h7AsmwVZNBrnnV5jCclrR2kERDuRTU1wiu76dxe
hYbi1Ls8Ru0g253poA4AmZDO+rVWoQtlyYaDpzRKxsb6vT3L5+Jw/U7wc4KNR9v0UG+XyieVUxiE
PuSfHutEUJ+JK4/hk441rNC0+YST1SAR9Jq1Lo/Rra8mLgmHvPZMlXUat7vR2lY77wUsdHmMsmwG
YAB56VA672+1LuyFe9Eq9VVPXnumRmikMQBWujyGT/b3/qX1fEzwy7Bntz8v74PPUBCW7WaDHtrx
AqEPTg98tXZN9mCdKO0Of1nvQbLK1+e0gyMmrNsZ/spk34QnAJwvcnh8bP1fZNVhaZ/JdqT3D+dI
/e52eQzZHP7KCH4OQq/fVzbt9LFOHwh8Iw9/bkl/tuklC9ndow5/1ZL22Piy4bAJAMnOYY0K3ZZA
XTG68Fcm+2bATuvrsIC7Df5pc92YLwPPrx4m9MHJngx6zbJsTuluDTXZYtfrZWLh2DHWODAlPWnj
S7K/ACSyV9Iy6xxWQ+hLi2qFJnNz3PmY4GeDpr4e7W5pHpPv3R/wa3HdUm082saBACfLlROlnQtI
EyTSs7/62V8AsqDHCnwG61CmV8SkXo47HxP8bPLYtvox955bO1v13bp71dTXwwEApOdk067QQuOg
cRCriBIHYNkiqZLAl1F2XthLW/1O8LNJx7mA1m15asy83w3bntNNz/1EHecC7HwgvUybXqeMok4L
uxpe0ylqYMzrV6iXz53LMyDnA6t8G216ubRNuEbws1HdgV3q6u3K6/foD/h17/qVesR8hR0OEPxo
HIRmsKOXFoAdoY9hnfZqdNoGE/xstuKFx/P2ve1uaVblE3dpa08nOxrInHaKgLAOABEOKTS0k/MD
dTvBL5fs95/OuyGf/oBfj/56jRb66lifD8gwFukmrCdjrR8IYOyFPoNzQ1bOx2cVmkQn09JWtxP8
sqDuwK68meVzu9mgyifuUv3hfexYwN4TPZyDBhmATOiXxP181O8Ev1z3j39Y7+j7/bp6u7S4bqnu
3raBXj7AfpzknYXhVwAyEfoMhndSvxP8HKDvfFArXnhc/oDfUdvtD/i1bstTuvrn97FMAwCkgKvx
ADKghtCXExxVvxP8smi//7SW19c4Zns3bHtOlU/cpboDu9h5AAAAWWqSMXsnCH4O1NTXI8+vHs7p
bdy006eqR76nR8xXGNYJAACQPYck1VIMGIlvUATZt/FomwLrV2rDyp+puKA4J7bJH/Cr4c0d+te9
r7IIOwAAQG5gMhcQ/Jxua0+n/vPp+/XKoy9kNfx19XbpNzu36OUPDtC7BwAAkDue5L4+EPzyxH7/
aVU+cZd+e88jmjdzrq2vvWmnT+aRd1l8HQAAIAcFvWYtpQCCXx7pOx/UQl+d7nu7SeuWrc5o7992
s0HNh/fr9Q/fo3cPAAAAIPjBbhuPtun1J+7SXVddrx8sXKrySeWjfs7Wzla99d47avvwCD17AAAA
AMEPuaDvfFD1h/ep/vA+zSqeqDl/+3eaWjpFE8ZP0IyrrkvaG7i7pVmSdKS7U6fOnNaxj0+w5h4A
AABA8EOu2+8/rf0HdkmsoQcAAACA4AcAQDyXx6iUVCSpzPoKMwb5s27rK5YZ+U3Qa5qUMABkpW4v
klSZoD6PresHrceT1PndQa/ZTfADACB3GwGG1RAwrBN/6QifbnaSn6+Nec3Ibw9JOmt9MfU6AKSv
fq+MqN/LBqmjR1O/K0n93h9Rp7dbdbxB8AMAwP7GgNs6CU/P8uZEvv4i9g4AjLhuL5JUbX0Zkgqz
uDmFEWFxthPLk+AHAHBqg6DMCntujbxHDwCQe/V7tVW3c/GM4AcAGMMNAsNqECylNAAgb+r2Iqtu
rxEX8wh+AIAx3Sgok1QvrgADQL7V726rfi+kNAh+AICx3SioVcyEKgAAx9ftlZJ8yv692QQ/AABo
FAAAMlC/14oLegQ/AAAY+gMAeVm3F0lqlENnxiT4AQCQ/tC3mZIAgLwLfaYYxUHwAwDA5THqJa2i
JAAgr+r2MoUWPmcUR5Z8nSIAAORQw8BN6AOAvKvbw8M7CX0EPwAADQOjWgzvBIB8ZIrhnQQ/AACs
IUA+SgIA8q5+ryf0EfwAAAjziSFAAJBvoc8Qw/dzBpO7OFzJOJduvfIazfj2NF1xyeWacdV1Ki4o
Hvh9V2+Xuj/q0ZHuTj1ivkKBAcjFhoFbTOsNAPnIRxEQ/DBK08YX6Eezb9Pyhe5BH1c+qVzlk8o1
b+ZcFVxwoVY28fkDkFOhr0ihtfoAAPlVv9dKKqUkcgdDPR2o5tqb1br+tSFDX6xbps+i8ADkXJUm
hngCQL6FviKrfkcOcXyP37TxBbq84KKB7z8NfqH9/tOjep6mvp4hH7+gpDSl15tVPFETXN/UwTN9
6jsfHPQxkZJtw/ML3AkDX2tnqza/8Ued6v9ETX09A+9n8iVX6I5bFqmqoko739415PsqGefSdReV
pLQtif5msMem8rjYsjgZOKOOc4FhbXcqx0Cq+w8ADQMAwLBxUY/gF229cbtW3fHAcBsKkqSg1xz0
cV29XXrz0H79695XBw0O902ZoXXLVkfdF9fa2arbXnw8YVBbUFKqhjVbon62aacv4RDKne41mjdz
riRpd0uzFvrqooLKDyrnyLNkRdRrR3r012tUf3jfwPd3llYkDH2xj5OkjnMBdZwLqKmvR/WH92na
+AL99b/ODxqEPPPvHdjeWNvNBnl3vxwXkmLLY8O25xLeSzjY42quvVlPr6gbdH+2drZq25s79PIH
B+L2S2Q5D7VPpo0v0BtrXoor88V1SwfCaKJ9nMy6LU+p7sAuvfXAL1RVUZXycRx7PABjVHUONwz2
pvn5uIcRwFjiztHt6pHUncbnK5ODhrNmNfhdXVYx7L+ZNr4gpR6g8L1tyxe65fnVw9p4tC3h45Z9
9+64EFBVUaW18+5O+X645QvdOtp7PC58RZo3c64U0dB/9Yc/HTIoPL2iTq2r79R+/2mVjHNpw8qf
pRT6EhmszFIJ4EuMxVpiLB60LIezTyMfV/DN8UM+vqqiSlUVVbpjkFAeu08Shf4fzb4tYdAucF0w
qmN5OKEPwIBs9/YdUmhB4XZJ3UGv2Z6pF3J5jC/Z3QDGAmtN1myGof6Iur1dUnvQa57N0HutlbSW
4JcB/oA/aYBZt+WpUAP+ggt17/zvRzXu1y1brY2PLU4YIpM12JcvdOvJ3X8cMmCEPXbPj9V8vD2l
UFpz7c1xr9va2aoTp09qwvgJKrqwcOD3XedCx+mtV14TF1h2tzSnFPoGs+b6+XGhzx/wq+2Dg18F
1gjeB5/RqYjesUzY3dKsd95vkSRNLZ2iJcbiQUN52aWJ65a5365UR0z5JLvPcfLEUqmnc9jb2nai
c0Tv8Uh3p4Ax3jCoVHbWdepXaDIZX9BrdrMnACDt3Fl63b2S6oNes5FdkIPBb6GvLqoXLHaI3XCG
w9Ud+Or+tX87tE/N67YOfF9cUKwFJaVxYWXutyvjAkdk0Ln1ymsG7d2KVFxQrKfuqElpe797nRH1
/XazQXdv2xAXSm+YNHkgeM69Nj6wNLzdNKrynza+QKuXPhb1s007fVGBd9aOF/XKoy9Ehc5/WbZG
TT+/L2PHxTvvt3y1Pw/s0pqeo1Hbecv0WVJE8CufVJ7wee64ZVFUMJ5VPDHpY4cKokPt1/AQ5LDY
4afhIaEABlRn4TU3SKrN1JVfAIAkybD59XokuYNe06Toczj4Zcp+/+m4EJcsGIR19Xbp5ztejPqb
udfOGjL4dfV2DYSJeTPn6r63m1IOi2Fnz/XH/azjXEAdEc9zbfm0uMe823ss4fOtuX5+0tf6qP+v
A9sXG3y7ervihrfu95/W8vqaqEBePqlcs4on2jYpSmyv2mDhrbWzdaC3tKqiKmpo8P+afnPC/QYg
74Nfv9Uo4CowAGSQNczTznu3d1j1Oxf0xmrhmmpwAAAP50lEQVTwKxnn0oyrrov62cnAmajvY4d5
vnlov/b7T0cFgiXGYk1r2jTo8M2Xm1+J6o1at2y1Xn/irkGHiB7p7owKmMsXunXFJZer4e0mvf7h
ewn/NlFISbZdsb14kXa3NA8Ev9iex2Szfjb19cQFpTl/+3fab1MP1uRLrogLd5H7OtJb770TtV8j
h3vedM2NUfs71eBXdGHhwCygkcdTKsN6ASRsGBTJ3mGeRibv3wMADKi0M/QFvWY1RZ66vFnHb0FJ
qRaUlOq+KTPU/LA3amjihm3PxTXSY3u7zCPvJgw/sY9LZMO25wb+X1xQrB9Uzhn08b9r+ZP8AX/U
z+bNnCvvg8+o59k/6fkF7rigkQmx98a1fXgk6WO7P4oeJnvZxSUZ267LLi4Z2J9rrp8fN+PnT1/5
vwP/j116IvD5Z1HBMNyrGxv0w/s77MapM5NuT1VFlRrWbIn6qr76JmoPwBkNg4cIfQBgG8Om1+lR
7s4cSvDLtHCD3PvgM1E9OcmWF4gc5ilJez/6SygQfNAy6OMS+eW/vxYV5DxLVmja+IKkj+84F9Dt
T9+vrt6uhL9fvtCthjVbtN64feBniR6bLBzubmke+IoNmJFie7wCwc+TPjY82UrYFZdcnrF9GX7/
DWu2RPVe+gN+3bt+5ZATy2x7c0dUaCsZ54oK8Ltbmgd9rwDypmGwN+g16yluALCNXUvXMLxzLAe/
RPwBf8JerNjen9bOVl13UUnCIBW+T2wwfeeDeuoPvxz4vrigWD+afdugf7Pff1pX//w+3bt+pTbt
9CUMaKvueED3TZkhSTrc1RHfcroqcS/VQl/dwFd4ds5EYsPkZYUXJ33s1NIpUd+f+Pik7fuz7YOD
AwE96WNOdKr1ZPS9j7deeY1umPLV0N83Dpr6NPgFn34ge8pseh1CHwDYxOUx7KrbDzGRyxgPfovr
lure9Su13WyICmAbVv4s7j6w2OGbsUP5YqUy3LP+8L6oIJVoofVEtvZ0amWTT5VP3KVHf70mLgCG
Z/NsPrw/7m/vnf/9uPc2HLHDNydfemXSx14xMbqH79QnfQkfV3Th6O/n3bTTp8V1S+X51cNR5TFv
5lz99p5Horc55v6/cKiO3Bczvj0takmI5uPtw5qYZndLs1weI+qLGTqBnA9+/UzmAgB5V7dLko+i
HuPBr6mvR1t7OnX3tg1Rjf7igmLdddX1UY9NZfjmSB7/T5uj70UbalbRSH3ng6o/vE8v7fp91M8n
jJ8gSXr9w/fiQmFxQbFe/eFPRxz+YodvLvxO4tlAE613eOx0KDQePNMXF6ITbU9sQPv03KdJt+vU
J31q6uvRxqNtuv3p++PKNLIHNtni75H3akaG8NbO1oSTsiRbCxBARthxjx+hD2PdbIoAeVi3U78T
/KI9u/35pMEtNsT4A36t2/JU3FdsmBlquGc4fEb2OCYzq3jiwBDO4QTD1ZvXxf28qqJKr/7wp5pV
PHH4n5ojb0V9Xz6pXM8vcMc97qk7aqK+7+rt0lZrsfO+88G4IaNr590d9X3JOJd+sHBp1M/ePXow
pW3c7z8dNVmLlFoPbOy9mmGb3/hjwp+ztANgKzum+jYpZgCwVZENr9ET9JrdFPXI5OVyDrHr24V7
ofrOB+NCw542M+GwvfnXz4sKiP8w838knCQm1s+aNmnODCNqVtFY3//O/9TyhW491NulnW/vUuDz
zySFZrOMHSL6xsGv2i4bj7Zpxk5f3GOqKqrUvG6rWjtbtevA7qjfxS5rEanjXEAbtj2nVXc8MPCz
8NIS4d7Au+beHheK/vkPz0R9H7ukxVDP4Q/49fIHB1Len7sO7I7aFzdMuU6ylmgouODCpCHcH/DH
7YfXP3xv2MfTjKuu0073moS/axjBuo0AbEHDAACo25Hvwa/jXCBu3blbr7xGG4+2xQ3bTNbzFLse
3MLvzE8p+HWcC+ipP/wybgmCSLdMD923Vz6pPCp0xWrtbI0LSCubfDrae1yP3fPjuFBTVVEVNyRz
KL/899d00zU3Rv3dvJlzkw5T3bTTN9DbF1Z3YFdcUB7sOVZvXjfoOoex9vzHn7U64vslxmJp2wZJ
0tVlFXGBbyCUvbkjKiRvNxuG9bphxQXFgw7bJfgBqXN5DMOml2IJBwCwlx31O3X7KOTtrJ6/2Rk9
ScuMb09LeK9a8/HEx8+/HdoX9X35pPKUh1PWH94XNzwxUuy9gInsbmnWbS8+njCo1B/ep+/W3asN
254bdLmGWP6AP+6+vr7zQd303E/ihrfG6urt0r3rV2plky/h72978XFt2ukb8jkW1y0ddlBKNNzz
ztKKIf8udq2+2AlyYp9zNBPlAMgtTPMNSC6PUUkpIM9Qt49CTvX4HTzTp8V1X90LNtiU+5GPSxa+
Plq/UvfOCa2F13a8Q3/9r/Nxf5dooo9w2Ih9bP/5z9V17mzUz08GziT8+/s3P6nLCy5K+Lumvh5V
PfI93TBpsi4t/Juo3wW+OKfm4+1Jtytyux8xX9Ej5iuaVTxRV10yKe65wtpOdOpk4Mygz1l3YJd+
075Ht155TdzztJ3oHHLtvL7zQa1s8ulf976a8H0N9hyNR95S2xBletuLj+vH//17urqsQp+e+3Rg
Hb6f73hR3l0vJXzerT2d2uoxkm7zo7//F01wfXPI43AwyY7R2O1KdpwAAJBBZaKHBEAuBr++88Eh
A0ZkeBrK1p5ObfXVDfvvhnpsKs/RcS4waNDqOBdQR5qGCO73nx7W8gSDlf9ohy2O5H0NVVbhbUs0
1HY07zvZ3w7nOBzucwMAYKNKMQMiAMvXKQIAAOAgRRRBygyKAADBDwCQt2ycRAb2y4f71uwafjnb
5TEIysgn1O0EPwAAopRRBHnL8QuT2zz5kJtDBtTtIPgBAOxu8Jo2vZRBaecvl8eophRSVpMj+4wA
mv/sqN9LXR6D8EfwAwBgQDVD3LKi2679mwdltdem1yl1eYzabAY+l8folrSZjwfSxE0REPwAAM7Q
b8NrFOZJOCD4JbaUNeqGZa2d5eXyGEUuj1ETEfhK2QVjgl1DmAl+BD8AgEPYNbFFfbZ7/Vweo8zl
MXzs8oxwermadr9epsOfdbzXWxcAniXwUbdnSFZ7sSOOd7fTQijBDwBgt26bXqcwW+HA5TEqrcD3
oaSlY2jf2hlmpjs8VHfb/HqFVvirSfOxXmQN5zSt432V9Vqgbs+ktdno9Y843rvlwN7sb3CMAgDy
uHGwyOUxfEGv6bapUeBW6ArwbHazLZZavbpum2fKTIf2LLxmoaRnrfBXG/SavhEe52UKDaU2JC3i
MIQkBb1mt8tj2PmSpstjGEGvmfHPknXM11j1u2MvbBD8AAB2MyWttTkclEmqzkQ4sK46u53eIEhT
w8+0ueEnK3h0W0MMfUGv2T3CfVik0BqBZda/lRH7c4ukmnQeP0Gv2Z6FsgorlbTZKjPTCqFmOJCG
36f1uSmLKJvwF0M4kcxe2Xfha6AXe6QXMYaoF4oUusDhVp5czCP4AQDslo2ejtkR4aB+tA14azkB
w2oU0AiOdkjSdJtfs9C6mLDW5TEOWSEm2T4OhxjFhLtBLx5Y/7od3EhOVm6LrK+1Ecc3RzFGU7/P
tvkY3myNtqgd7ZJB+d6bTfADANgq6DXPWo3zbIaDHZIaFerdaB+iIRDZC2SIYZypNPymZ/H1p2fo
9ZdmIPiZHE/IM6ZC93nabbakPS6P0WPV7aYkc7CLfFaPXmRPtqE8v5BH8AMAZKtxkM1wEO7liOzd
iFxXrSjL2+f0fbuUYki5rNZSDMizYzqbSq3guSqifu9R9L3lqfb05x1m9QQAZIMvB7dpdsQXoc+5
DT/HsIal9VMSyKNj+qykHTm2WaUx9fuYvReb4AcAyEbjoF2hq7DIv33bzb4dlkaKABzTIPgBAPKZ
jyKg4Qc+B8gv1gyb9GQT/AAAGFBPERBmaCSbpughBXUACH4AgDxu8J5VaH005N++bVdoWQekppYi
QJ7hwh7BDwCAuAYvQ4Jo+I31oOwTvX7Ir2O6W9IGSoLgBwBAZOOAgECYAb1+yM9jmgt7BD8AAAYC
Qi0BgTDD58D0ieGxyK9j+qykGkqC4AcAQKRqiiBvw8xeSiJlNJKRj3XADkqC4AcAQLhx0C7pIUoi
b8MMw71S+xyYkp6kJJBn3GJUB8EPAICIRm+9mOUzX0M9PVmpl1et6CVFfh3TZxUa1cEFIIIfAAAD
DQQ34S8v96uP/Tos1cq/+/16JP0du3bM1gHtkgzCH8EPAIB8D39PaoxP3EGoH1ZZnbUayflyzGyQ
VGk1/kH4y6fwd0gOGp5N8AMA5GpIyId7/nZIutIavneW/Ur4G2Ph75CkOUGvWWO9H3Bct0uqlPMv
avRLWhb0mpWSTIIfACBTxkQDyrrnb46cOSnAXqvBW22tVYjo8MfCzsMLf04LywONYmvCmtjfZRKf
t9w/rrutwOTEeqBfoR6+MmsIu6MQ/AA4Xaanie5P0HDJNju2JyeGZFllXynnDKUJBz4jwXHTPhb2
WYr7tUbSYjlryFd/lsrqrBWWnVBeqTSKM1l/9WTxQkuPw58/W/XAHDmj9y/y2K6N6cF2TN1O8APg
dPUOf/6R8GW4EbA36DUbc6hxcNYaKnmlcrPno9/ariuTBL7IYylTDfcnnTaUzjrGyuSc3ixfjpRX
LvaS9Cg0NDtRozhWbQa3ozaLZVDj8OfP1nFtWr1/y3I03B5SqPe6KNmxbf0sU5/L/nQe11/78ssv
B32Ay2MYkvbQtgQcY04O9lBllMtjVFuN6tIMNKZrc/Q9l1kN0dlpfuodkty5HCKs916j0NpQhVlu
ENRLaky1vFweo1JSY5qP1Zw9Toe5T2slLc3RTcypz0UOfQa2WMd/4zC337Dqr3R9Dvol1VrDw7O5
X9xWnZDOfdIvqcaJwwpHUYbuDJzbhlvmjZLqhzMhkctj1EtaleZzjDudkyKlEvyKFBpmA8AZ2sfq
TfRWY2JMlaMVJIrS9HTdTrsfzQr94S87GsB7rQZB42jKKo37La8+71agqbYaftOzvDl7FRpi1Zir
F9OsNlr4+F9kY4PYHM4Fj0zX2bm2f9J5LhprF3KzWBf0RBzXjaP8TKYjN53NxCy4QwY/AAAc0lCo
VGgijErra7SNhX6r4W9KMsdqAyzLDT8jYp+ms/EX3rey/j0b/tfJ+9m6EBL5ORjtxZBDVrm0W58B
lmNANo7roohjOt3Hdrh+7x4LZUnwAwDke3gos741UvgTUxq7V9kdEu7DV9RT6TE9GxHwxuR+jeh9
SqXMwiG4m9lo4aBjO7KeT6Y7/DWWj22CHwAAAADkOWb1BAAAAACCHwAAAACA4AcAAAAAIPgBAAAA
AAh+AAAAAACCHwAAAACA4AcAAAAAIPgBAAAAAMEPAAAAAEDwAwAAAAAQ/AAAAAAABD8AAAAAQKb9
f0FM5pZsjpUIAAAAAElFTkSuQmCC
" id="image20" _ngcontent-wkf-c236=""></image>
  </g>
</svg></svg-icon></span><!----></h5><eg-product-temperature-block _ngcontent-wkf-c236="" _nghost-wkf-c202=""><!----><!----></eg-product-temperature-block></div><div _ngcontent-wkf-c236="" class="title-wrapper"><a _ngcontent-wkf-c236=""><h3 _ngcontent-wkf-c236="" class="title">Graines de courge bio</h3><!----></a></div><p _ngcontent-wkf-c236="" class="text"> Par sachet de 500 g.<br _ngcontent-wkf-c236="" class="ng-star-inserted"><!----> Colis de 10 sachets.<br _ngcontent-wkf-c236="" class="ng-star-inserted"><!----><!----><!----><!----></p><footer _ngcontent-wkf-c236=""><eg-gabarit-price _ngcontent-wkf-c236="" _nghost-wkf-c235="" class="ng-star-inserted"><div _ngcontent-wkf-c235="" class="price"> 5,37€ <!----></div><div _ngcontent-wkf-c235="" class="extra-wrapper"><div _ngcontent-wkf-c235="" class="extra"><div _ngcontent-wkf-c235=""><strong _ngcontent-wkf-c235=""><eg-product-trade-prices _ngcontent-wkf-c235="" _nghost-wkf-c155=""><div _ngcontent-wkf-c155="" class="prices-unity">Soit 10,74€ / kg </div><!----><!----><!----></eg-product-trade-prices></strong> Code : 301909<br _ngcontent-wkf-c235=""></div></div><button _ngcontent-wkf-c235="" type="button" class="btn btn__icon__basic"><svg _ngcontent-wkf-c235="" xmlns="http://www.w3.org/2000/svg" viewBox="0 0 19 17.08" width="37" height="34"><path _ngcontent-wkf-c235="" d="M14.25,17.08a1.88,1.88,0,1,1,1.88-1.88A1.88,1.88,0,0,1,14.25,17.08Zm0-3.05a1.18,1.18,0,1,0,1.18,1.18A1.18,1.18,0,0,0,14.25,14Z"></path><path _ngcontent-wkf-c235="" d="M6.65,17.08A1.88,1.88,0,1,1,8.53,15.2,1.88,1.88,0,0,1,6.65,17.08Zm0-3.05A1.18,1.18,0,1,0,7.83,15.2,1.18,1.18,0,0,0,6.65,14Z"></path><path _ngcontent-wkf-c235="" d="M16.7,8.49,5.15,10,3.72,3H18Zm2.22-6a.41.41,0,0,0-.32-.15h-15l-.4-2c0-.15-.24-.31-.4-.31H.4A.37.37,0,0,0,0,.39.37.37,0,0,0,.4.77H2.45l1.9,9.42A2.77,2.77,0,0,0,7,12.35h9.1a.39.39,0,1,0,0-.77h-9a1.84,1.84,0,0,1-1.58-.85L17.1,9.19a.34.34,0,0,0,.32-.31L19,2.7A.37.37,0,0,0,18.92,2.47Z"></path></svg></button></div></eg-gabarit-price><!----></footer></div></div><!----></div><!----><!----><!----><!----><!----><!----></eg-gabarit-basic><!----><!----><eg-gabarit-basic _ngcontent-wkf-c237="" _nghost-wkf-c236="" id="masonry-item-2" class="ng-star-inserted"><div _ngcontent-wkf-c236="" ngxmasonryitem="" class="Boulangerie Viennoiserie gabarit gabarit__xs gabarit__xs__1 grid-item ng-star-inserted" style="position: absolute; left: 0px; top: 390.828px; opacity: 1; transition-property: opacity, transform; transition-duration: 0.4s; transition-delay: 0ms;"><div _ngcontent-wkf-c236="" class="wrapper ng-star-inserted"><!----><header _ngcontent-wkf-c236="" class="header"><img _ngcontent-wkf-c236="" class="hidded" src="https://cstatic.transgourmet.fr/tg-ecommerce/images/products/detail/227350.jpg"><a _ngcontent-wkf-c236=""><img _ngcontent-wkf-c236="" class="visuel ng-star-inserted" src="https://cstatic.transgourmet.fr/tg-ecommerce/images/products/detail/227350.jpg"><!----><!----><!----></a><eg-product-info-pictos _ngcontent-wkf-c236="" _nghost-wkf-c203=""><div _ngcontent-wkf-c203="" id="infos-special-pictos"><img _ngcontent-wkf-c203="" alt="veggie" src="assets/images/picto-veggie-web-blanc.png" class="ng-star-inserted"><!----><!----></div></eg-product-info-pictos></header><div _ngcontent-wkf-c236="" class="body"><eg-products-info-top-cartouche _ngcontent-wkf-c236="" _nghost-wkf-c199="" class="ng-star-inserted"><div _ngcontent-wkf-c199="" id="infos-top" class="d-flex justify-content-end infos-top infos-top-body infos-top-cartouche ng-star-inserted"><div _ngcontent-wkf-c199="" id="infos-top__stripe" class="d-flex align-items-center justify-content-center infos-top__stripe"><img _ngcontent-wkf-c199="" src="assets/images/cartouche/promo.png"></div></div><!----></eg-products-info-top-cartouche><!----><div _ngcontent-wkf-c236="" class="labels"><div _ngcontent-wkf-c236="" class="labels-container"></div><eg-products-info-top-fide _ngcontent-wkf-c236="" _nghost-wkf-c200=""><!----></eg-products-info-top-fide></div><div _ngcontent-wkf-c236="" id="category"><h5 _ngcontent-wkf-c236="" class="category"><span _ngcontent-wkf-c236="" class="txt ng-star-inserted">LEGAVE</span><!----><!----></h5><eg-product-temperature-block _ngcontent-wkf-c236="" _nghost-wkf-c202=""><!----><img _ngcontent-wkf-c202="" src="https://cstatic.transgourmet.fr/tg-ecommerce/images/picto-surgele.png" class="pictoImg ng-star-inserted" alt="Surgelé" title="Surgelé"><!----><!----><!----></eg-product-temperature-block></div><div _ngcontent-wkf-c236="" class="title-wrapper"><a _ngcontent-wkf-c236=""><h3 _ngcontent-wkf-c236="" class="title">Briochette beurre fin cru</h3><!----></a></div><p _ngcontent-wkf-c236="" class="text"> Portion de 60 g.<br _ngcontent-wkf-c236="" class="ng-star-inserted"><!----> Colis de 210 portions.<br _ngcontent-wkf-c236="" class="ng-star-inserted"><!----><!----><!----><!----></p><footer _ngcontent-wkf-c236=""><eg-gabarit-price _ngcontent-wkf-c236="" _nghost-wkf-c235="" class="ng-star-inserted"><div _ngcontent-wkf-c235="" class="price"> 63,00€ <!----></div><div _ngcontent-wkf-c235="" class="extra-wrapper"><div _ngcontent-wkf-c235="" class="extra"><div _ngcontent-wkf-c235=""><strong _ngcontent-wkf-c235=""><eg-product-trade-prices _ngcontent-wkf-c235="" _nghost-wkf-c155=""><div _ngcontent-wkf-c155="" class="prices-unity">Soit 5,00€ / kg </div><!----><div _ngcontent-wkf-c155="" class="prices-unity prices-other ng-star-inserted">Soit 0,30€ / portions </div><!----><!----></eg-product-trade-prices></strong> Code : 301619<br _ngcontent-wkf-c235=""></div></div><button _ngcontent-wkf-c235="" type="button" class="btn btn__icon__basic"><svg _ngcontent-wkf-c235="" xmlns="http://www.w3.org/2000/svg" viewBox="0 0 19 17.08" width="37" height="34"><path _ngcontent-wkf-c235="" d="M14.25,17.08a1.88,1.88,0,1,1,1.88-1.88A1.88,1.88,0,0,1,14.25,17.08Zm0-3.05a1.18,1.18,0,1,0,1.18,1.18A1.18,1.18,0,0,0,14.25,14Z"></path><path _ngcontent-wkf-c235="" d="M6.65,17.08A1.88,1.88,0,1,1,8.53,15.2,1.88,1.88,0,0,1,6.65,17.08Zm0-3.05A1.18,1.18,0,1,0,7.83,15.2,1.18,1.18,0,0,0,6.65,14Z"></path><path _ngcontent-wkf-c235="" d="M16.7,8.49,5.15,10,3.72,3H18Zm2.22-6a.41.41,0,0,0-.32-.15h-15l-.4-2c0-.15-.24-.31-.4-.31H.4A.37.37,0,0,0,0,.39.37.37,0,0,0,.4.77H2.45l1.9,9.42A2.77,2.77,0,0,0,7,12.35h9.1a.39.39,0,1,0,0-.77h-9a1.84,1.84,0,0,1-1.58-.85L17.1,9.19a.34.34,0,0,0,.32-.31L19,2.7A.37.37,0,0,0,18.92,2.47Z"></path></svg></button></div></eg-gabarit-price><!----></footer></div></div><!----></div><!----><!----><!----><!----><!----><!----></eg-gabarit-basic><!----><!----><eg-gabarit-basic _ngcontent-wkf-c237="" _nghost-wkf-c236="" id="masonry-item-3" class="ng-star-inserted"><div _ngcontent-wkf-c236="" ngxmasonryitem="" class="Boulangerie Viennoiserie gabarit gabarit__xs gabarit__xs__1 grid-item ng-star-inserted" style="position: absolute; left: 201px; top: 350px; opacity: 1; transition-property: opacity, transform; transition-duration: 0.4s; transition-delay: 0ms;"><div _ngcontent-wkf-c236="" class="wrapper ng-star-inserted"><!----><header _ngcontent-wkf-c236="" class="header"><img _ngcontent-wkf-c236="" class="hidded" src="https://cstatic.transgourmet.fr/tg-ecommerce/images/products/detail/206278.jpg"><a _ngcontent-wkf-c236=""><img _ngcontent-wkf-c236="" class="visuel ng-star-inserted" src="https://cstatic.transgourmet.fr/tg-ecommerce/images/products/detail/206278.jpg"><!----><!----><!----></a><eg-product-info-pictos _ngcontent-wkf-c236="" _nghost-wkf-c203=""><div _ngcontent-wkf-c203="" id="infos-special-pictos"><img _ngcontent-wkf-c203="" alt="veggie" src="assets/images/picto-veggie-web-blanc.png" class="ng-star-inserted"><!----><!----></div></eg-product-info-pictos></header><div _ngcontent-wkf-c236="" class="body"><eg-products-info-top-cartouche _ngcontent-wkf-c236="" _nghost-wkf-c199="" class="ng-star-inserted"><div _ngcontent-wkf-c199="" id="infos-top" class="d-flex justify-content-end infos-top infos-top-body infos-top-cartouche ng-star-inserted"><div _ngcontent-wkf-c199="" id="infos-top__stripe" class="d-flex align-items-center justify-content-center infos-top__stripe"><img _ngcontent-wkf-c199="" src="assets/images/cartouche/promo.png"></div></div><!----></eg-products-info-top-cartouche><!----><div _ngcontent-wkf-c236="" class="labels"><div _ngcontent-wkf-c236="" class="labels-container"></div><eg-products-info-top-fide _ngcontent-wkf-c236="" _nghost-wkf-c200=""><div _ngcontent-wkf-c200="" id="info-top-fide" class="d-flex flex-row justify-content-end ng-star-inserted"><div _ngcontent-wkf-c200="" class="d-flex flex-row-reverse justify-content-between w-100"><!----><div _ngcontent-wkf-c200="" class="order-1 points-labo ng-star-inserted" title="3 points /&nbsp;colis"><div _ngcontent-wkf-c200="" class="points">3</div><div _ngcontent-wkf-c200="" class="unit labo"><span _ngcontent-wkf-c200="">/&nbsp;colis</span></div><img _ngcontent-wkf-c200="" src="assets/images/points-labo.54e2fda2.jpg" alt=""></div><!----></div></div><!----></eg-products-info-top-fide></div><div _ngcontent-wkf-c236="" id="category"><h5 _ngcontent-wkf-c236="" class="category"><span _ngcontent-wkf-c236="" class="txt ng-star-inserted">LEGAVE</span><!----><!----></h5><eg-product-temperature-block _ngcontent-wkf-c236="" _nghost-wkf-c202=""><!----><img _ngcontent-wkf-c202="" src="https://cstatic.transgourmet.fr/tg-ecommerce/images/picto-surgele.png" class="pictoImg ng-star-inserted" alt="Surgelé" title="Surgelé"><!----><!----><!----></eg-product-temperature-block></div><div _ngcontent-wkf-c236="" class="title-wrapper"><a _ngcontent-wkf-c236=""><h3 _ngcontent-wkf-c236="" class="title">Chouquette crue</h3><!----></a></div><p _ngcontent-wkf-c236="" class="text"> Portion de 14 g.<br _ngcontent-wkf-c236="" class="ng-star-inserted"><!----> Colis de 540 portions.<br _ngcontent-wkf-c236="" class="ng-star-inserted"><!----><!----><!----><!----></p><footer _ngcontent-wkf-c236=""><eg-gabarit-price _ngcontent-wkf-c236="" _nghost-wkf-c235="" class="ng-star-inserted"><div _ngcontent-wkf-c235="" class="price"> 43,20€ <!----></div><div _ngcontent-wkf-c235="" class="extra-wrapper"><div _ngcontent-wkf-c235="" class="extra"><div _ngcontent-wkf-c235=""><strong _ngcontent-wkf-c235=""><eg-product-trade-prices _ngcontent-wkf-c235="" _nghost-wkf-c155=""><div _ngcontent-wkf-c155="" class="prices-unity">Soit 5,71€ / kg </div><!----><div _ngcontent-wkf-c155="" class="prices-unity prices-other ng-star-inserted">Soit 0,08€ / portions </div><!----><!----></eg-product-trade-prices></strong> Code : 300693<br _ngcontent-wkf-c235=""></div></div><button _ngcontent-wkf-c235="" type="button" class="btn btn__icon__basic"><svg _ngcontent-wkf-c235="" xmlns="http://www.w3.org/2000/svg" viewBox="0 0 19 17.08" width="37" height="34"><path _ngcontent-wkf-c235="" d="M14.25,17.08a1.88,1.88,0,1,1,1.88-1.88A1.88,1.88,0,0,1,14.25,17.08Zm0-3.05a1.18,1.18,0,1,0,1.18,1.18A1.18,1.18,0,0,0,14.25,14Z"></path><path _ngcontent-wkf-c235="" d="M6.65,17.08A1.88,1.88,0,1,1,8.53,15.2,1.88,1.88,0,0,1,6.65,17.08Zm0-3.05A1.18,1.18,0,1,0,7.83,15.2,1.18,1.18,0,0,0,6.65,14Z"></path><path _ngcontent-wkf-c235="" d="M16.7,8.49,5.15,10,3.72,3H18Zm2.22-6a.41.41,0,0,0-.32-.15h-15l-.4-2c0-.15-.24-.31-.4-.31H.4A.37.37,0,0,0,0,.39.37.37,0,0,0,.4.77H2.45l1.9,9.42A2.77,2.77,0,0,0,7,12.35h9.1a.39.39,0,1,0,0-.77h-9a1.84,1.84,0,0,1-1.58-.85L17.1,9.19a.34.34,0,0,0,.32-.31L19,2.7A.37.37,0,0,0,18.92,2.47Z"></path></svg></button></div></eg-gabarit-price><!----></footer></div></div><!----></div><!----><!----><!----><!----><!----><!----></eg-gabarit-basic><!----><!----><eg-gabarit-basic _ngcontent-wkf-c237="" _nghost-wkf-c236="" id="masonry-item-4" class="ng-star-inserted"><div _ngcontent-wkf-c236="" ngxmasonryitem="" class="Boulangerie Viennoiserie gabarit gabarit__xs gabarit__xs__1 grid-item ng-star-inserted" style="position: absolute; left: 0px; top: 757.047px; opacity: 1; transition-property: opacity, transform; transition-duration: 0.4s; transition-delay: 0ms;"><div _ngcontent-wkf-c236="" class="wrapper ng-star-inserted"><!----><header _ngcontent-wkf-c236="" class="header"><img _ngcontent-wkf-c236="" class="hidded" src="https://cstatic.transgourmet.fr/tg-ecommerce/images/products/detail/210630.jpg"><a _ngcontent-wkf-c236=""><img _ngcontent-wkf-c236="" class="visuel ng-star-inserted" src="https://cstatic.transgourmet.fr/tg-ecommerce/images/products/detail/210630.jpg"><!----><!----><!----></a><eg-product-info-pictos _ngcontent-wkf-c236="" _nghost-wkf-c203=""><div _ngcontent-wkf-c203="" id="infos-special-pictos"><img _ngcontent-wkf-c203="" alt="veggie" src="assets/images/picto-veggie-web-blanc.png" class="ng-star-inserted"><!----><!----></div></eg-product-info-pictos></header><div _ngcontent-wkf-c236="" class="body"><eg-products-info-top-cartouche _ngcontent-wkf-c236="" _nghost-wkf-c199="" class="ng-star-inserted"><div _ngcontent-wkf-c199="" id="infos-top" class="d-flex justify-content-end infos-top infos-top-body infos-top-cartouche ng-star-inserted"><div _ngcontent-wkf-c199="" id="infos-top__stripe" class="d-flex align-items-center justify-content-center infos-top__stripe"><img _ngcontent-wkf-c199="" src="assets/images/cartouche/promo.png"></div></div><!----></eg-products-info-top-cartouche><!----><div _ngcontent-wkf-c236="" class="labels"><div _ngcontent-wkf-c236="" class="labels-container"></div><eg-products-info-top-fide _ngcontent-wkf-c236="" _nghost-wkf-c200=""><div _ngcontent-wkf-c200="" id="info-top-fide" class="d-flex flex-row justify-content-end ng-star-inserted"><div _ngcontent-wkf-c200="" class="d-flex flex-row-reverse justify-content-between w-100"><div _ngcontent-wkf-c200="" class="order-2 points-gourmets ng-star-inserted" title="2 points /&nbsp;colis"><div _ngcontent-wkf-c200="" class="points">2</div><div _ngcontent-wkf-c200="" class="unit carre"><span _ngcontent-wkf-c200="">/&nbsp;colis</span></div><img _ngcontent-wkf-c200="" src="assets/images/points-gourmets.553b6337.jpg" alt=""></div><!----><!----></div></div><!----></eg-products-info-top-fide></div><div _ngcontent-wkf-c236="" id="category"><h5 _ngcontent-wkf-c236="" class="category"><span _ngcontent-wkf-c236="" class="txt ng-star-inserted">BRIDOR</span><!----><!----></h5><eg-product-temperature-block _ngcontent-wkf-c236="" _nghost-wkf-c202=""><!----><img _ngcontent-wkf-c202="" src="https://cstatic.transgourmet.fr/tg-ecommerce/images/picto-surgele.png" class="pictoImg ng-star-inserted" alt="Surgelé" title="Surgelé"><!----><!----><!----></eg-product-temperature-block></div><div _ngcontent-wkf-c236="" class="title-wrapper"><a _ngcontent-wkf-c236=""><h3 _ngcontent-wkf-c236="" class="title">Ciabatta nature precuite sur
sole</h3><!----></a></div><p _ngcontent-wkf-c236="" class="text"> Portion de 140 g.<br _ngcontent-wkf-c236="" class="ng-star-inserted"><!----> Colis de 50 portions.<br _ngcontent-wkf-c236="" class="ng-star-inserted"><!----><!----><!----><!----></p><footer _ngcontent-wkf-c236=""><eg-gabarit-price _ngcontent-wkf-c236="" _nghost-wkf-c235="" class="ng-star-inserted"><div _ngcontent-wkf-c235="" class="price"> 17,50€ <!----></div><div _ngcontent-wkf-c235="" class="extra-wrapper"><div _ngcontent-wkf-c235="" class="extra"><div _ngcontent-wkf-c235=""><strong _ngcontent-wkf-c235=""><eg-product-trade-prices _ngcontent-wkf-c235="" _nghost-wkf-c155=""><div _ngcontent-wkf-c155="" class="prices-unity">Soit 2,50€ / kg </div><!----><div _ngcontent-wkf-c155="" class="prices-unity prices-other ng-star-inserted">Soit 0,35€ / portions </div><!----><!----></eg-product-trade-prices></strong> Code : 230703<br _ngcontent-wkf-c235=""></div></div><button _ngcontent-wkf-c235="" type="button" class="btn btn__icon__basic"><svg _ngcontent-wkf-c235="" xmlns="http://www.w3.org/2000/svg" viewBox="0 0 19 17.08" width="37" height="34"><path _ngcontent-wkf-c235="" d="M14.25,17.08a1.88,1.88,0,1,1,1.88-1.88A1.88,1.88,0,0,1,14.25,17.08Zm0-3.05a1.18,1.18,0,1,0,1.18,1.18A1.18,1.18,0,0,0,14.25,14Z"></path><path _ngcontent-wkf-c235="" d="M6.65,17.08A1.88,1.88,0,1,1,8.53,15.2,1.88,1.88,0,0,1,6.65,17.08Zm0-3.05A1.18,1.18,0,1,0,7.83,15.2,1.18,1.18,0,0,0,6.65,14Z"></path><path _ngcontent-wkf-c235="" d="M16.7,8.49,5.15,10,3.72,3H18Zm2.22-6a.41.41,0,0,0-.32-.15h-15l-.4-2c0-.15-.24-.31-.4-.31H.4A.37.37,0,0,0,0,.39.37.37,0,0,0,.4.77H2.45l1.9,9.42A2.77,2.77,0,0,0,7,12.35h9.1a.39.39,0,1,0,0-.77h-9a1.84,1.84,0,0,1-1.58-.85L17.1,9.19a.34.34,0,0,0,.32-.31L19,2.7A.37.37,0,0,0,18.92,2.47Z"></path></svg></button></div></eg-gabarit-price><!----></footer></div></div><!----></div><!----><!----><!----><!----><!----><!----></eg-gabarit-basic><!----><!----><eg-gabarit-basic _ngcontent-wkf-c237="" _nghost-wkf-c236="" id="masonry-item-5" class="ng-star-inserted"><div _ngcontent-wkf-c236="" ngxmasonryitem="" class="Boulangerie Viennoiserie gabarit gabarit__xs gabarit__xs__1 grid-item ng-star-inserted" style="position: absolute; left: 201px; top: 740.828px; opacity: 1; transition-property: opacity, transform; transition-duration: 0.4s; transition-delay: 0ms;"><div _ngcontent-wkf-c236="" class="wrapper ng-star-inserted"><!----><header _ngcontent-wkf-c236="" class="header"><img _ngcontent-wkf-c236="" class="hidded" src="https://cstatic.transgourmet.fr/tg-ecommerce/images/products/detail/227617.jpg"><a _ngcontent-wkf-c236=""><img _ngcontent-wkf-c236="" class="visuel ng-star-inserted" src="https://cstatic.transgourmet.fr/tg-ecommerce/images/products/detail/227617.jpg"><!----><!----><!----></a><eg-product-info-pictos _ngcontent-wkf-c236="" _nghost-wkf-c203=""><div _ngcontent-wkf-c203="" id="infos-special-pictos"><img _ngcontent-wkf-c203="" alt="veggie" src="assets/images/picto-veggie-web-blanc.png" class="ng-star-inserted"><!----><!----></div></eg-product-info-pictos></header><div _ngcontent-wkf-c236="" class="body"><eg-products-info-top-cartouche _ngcontent-wkf-c236="" _nghost-wkf-c199="" class="ng-star-inserted"><div _ngcontent-wkf-c199="" id="infos-top" class="d-flex justify-content-end infos-top infos-top-body infos-top-cartouche ng-star-inserted"><div _ngcontent-wkf-c199="" id="infos-top__stripe" class="d-flex align-items-center justify-content-center infos-top__stripe"><img _ngcontent-wkf-c199="" src="assets/images/cartouche/promo.png"></div></div><!----></eg-products-info-top-cartouche><!----><div _ngcontent-wkf-c236="" class="labels"><div _ngcontent-wkf-c236="" class="labels-container"></div><eg-products-info-top-fide _ngcontent-wkf-c236="" _nghost-wkf-c200=""><!----></eg-products-info-top-fide></div><div _ngcontent-wkf-c236="" id="category"><h5 _ngcontent-wkf-c236="" class="category"><!----><!----></h5><eg-product-temperature-block _ngcontent-wkf-c236="" _nghost-wkf-c202=""><!----><img _ngcontent-wkf-c202="" src="https://cstatic.transgourmet.fr/tg-ecommerce/images/picto-surgele.png" class="pictoImg ng-star-inserted" alt="Surgelé" title="Surgelé"><!----><!----><!----></eg-product-temperature-block></div><div _ngcontent-wkf-c236="" class="title-wrapper"><a _ngcontent-wkf-c236=""><h3 _ngcontent-wkf-c236="" class="title">Triangle aux amandes Paf</h3><!----></a></div><p _ngcontent-wkf-c236="" class="text"> Portion de 120 g.<br _ngcontent-wkf-c236="" class="ng-star-inserted"><!----> Colis de 35 portions.<br _ngcontent-wkf-c236="" class="ng-star-inserted"><!----><!----><!----><!----></p><footer _ngcontent-wkf-c236=""><eg-gabarit-price _ngcontent-wkf-c236="" _nghost-wkf-c235="" class="ng-star-inserted"><div _ngcontent-wkf-c235="" class="price"> 31,50€ <!----></div><div _ngcontent-wkf-c235="" class="extra-wrapper"><div _ngcontent-wkf-c235="" class="extra"><div _ngcontent-wkf-c235=""><strong _ngcontent-wkf-c235=""><eg-product-trade-prices _ngcontent-wkf-c235="" _nghost-wkf-c155=""><div _ngcontent-wkf-c155="" class="prices-unity">Soit 7,50€ / kg </div><!----><div _ngcontent-wkf-c155="" class="prices-unity prices-other ng-star-inserted">Soit 0,90€ / portions </div><!----><!----></eg-product-trade-prices></strong> Code : 229604<br _ngcontent-wkf-c235=""></div></div><button _ngcontent-wkf-c235="" type="button" class="btn btn__icon__basic"><svg _ngcontent-wkf-c235="" xmlns="http://www.w3.org/2000/svg" viewBox="0 0 19 17.08" width="37" height="34"><path _ngcontent-wkf-c235="" d="M14.25,17.08a1.88,1.88,0,1,1,1.88-1.88A1.88,1.88,0,0,1,14.25,17.08Zm0-3.05a1.18,1.18,0,1,0,1.18,1.18A1.18,1.18,0,0,0,14.25,14Z"></path><path _ngcontent-wkf-c235="" d="M6.65,17.08A1.88,1.88,0,1,1,8.53,15.2,1.88,1.88,0,0,1,6.65,17.08Zm0-3.05A1.18,1.18,0,1,0,7.83,15.2,1.18,1.18,0,0,0,6.65,14Z"></path><path _ngcontent-wkf-c235="" d="M16.7,8.49,5.15,10,3.72,3H18Zm2.22-6a.41.41,0,0,0-.32-.15h-15l-.4-2c0-.15-.24-.31-.4-.31H.4A.37.37,0,0,0,0,.39.37.37,0,0,0,.4.77H2.45l1.9,9.42A2.77,2.77,0,0,0,7,12.35h9.1a.39.39,0,1,0,0-.77h-9a1.84,1.84,0,0,1-1.58-.85L17.1,9.19a.34.34,0,0,0,.32-.31L19,2.7A.37.37,0,0,0,18.92,2.47Z"></path></svg></button></div></eg-gabarit-price><!----></footer></div></div><!----></div><!----><!----><!----><!----><!----><!----></eg-gabarit-basic><!----><!----><eg-gabarit-basic _ngcontent-wkf-c237="" _nghost-wkf-c236="" id="masonry-item-6" class="ng-star-inserted"><div _ngcontent-wkf-c236="" ngxmasonryitem="" class="Boulangerie Viennoiserie gabarit gabarit__xs gabarit__xs__1 grid-item ng-star-inserted" style="position: absolute; left: 0px; top: 1161.88px; opacity: 1; transition-property: opacity, transform; transition-duration: 0.4s; transition-delay: 0ms;"><div _ngcontent-wkf-c236="" class="wrapper ng-star-inserted"><!----><header _ngcontent-wkf-c236="" class="header"><img _ngcontent-wkf-c236="" class="hidded" src="https://cstatic.transgourmet.fr/tg-ecommerce/images/products/detail/204198.jpg"><a _ngcontent-wkf-c236=""><img _ngcontent-wkf-c236="" class="visuel ng-star-inserted" src="https://cstatic.transgourmet.fr/tg-ecommerce/images/products/detail/204198.jpg"><!----><!----><!----></a><eg-product-info-pictos _ngcontent-wkf-c236="" _nghost-wkf-c203=""><div _ngcontent-wkf-c203="" id="infos-special-pictos"><img _ngcontent-wkf-c203="" alt="veggie" src="assets/images/picto-veggie-web-blanc.png" class="ng-star-inserted"><!----><!----></div></eg-product-info-pictos></header><div _ngcontent-wkf-c236="" class="body"><eg-products-info-top-cartouche _ngcontent-wkf-c236="" _nghost-wkf-c199="" class="ng-star-inserted"><div _ngcontent-wkf-c199="" id="infos-top" class="d-flex justify-content-end infos-top infos-top-body infos-top-cartouche ng-star-inserted"><div _ngcontent-wkf-c199="" id="infos-top__stripe" class="d-flex align-items-center justify-content-center infos-top__stripe"><img _ngcontent-wkf-c199="" src="assets/images/cartouche/promo.png"></div></div><!----></eg-products-info-top-cartouche><!----><div _ngcontent-wkf-c236="" class="labels"><div _ngcontent-wkf-c236="" class="labels-container"></div><eg-products-info-top-fide _ngcontent-wkf-c236="" _nghost-wkf-c200=""><div _ngcontent-wkf-c200="" id="info-top-fide" class="d-flex flex-row justify-content-end ng-star-inserted"><div _ngcontent-wkf-c200="" class="d-flex flex-row-reverse justify-content-between w-100"><!----><div _ngcontent-wkf-c200="" class="order-1 points-labo ng-star-inserted" title="3 points /&nbsp;colis"><div _ngcontent-wkf-c200="" class="points">3</div><div _ngcontent-wkf-c200="" class="unit labo"><span _ngcontent-wkf-c200="">/&nbsp;colis</span></div><img _ngcontent-wkf-c200="" src="assets/images/points-labo.54e2fda2.jpg" alt=""></div><!----></div></div><!----></eg-products-info-top-fide></div><div _ngcontent-wkf-c236="" id="category"><h5 _ngcontent-wkf-c236="" class="category"><span _ngcontent-wkf-c236="" class="txt ng-star-inserted">BRIDOR</span><!----><!----></h5><eg-product-temperature-block _ngcontent-wkf-c236="" _nghost-wkf-c202=""><!----><img _ngcontent-wkf-c202="" src="https://cstatic.transgourmet.fr/tg-ecommerce/images/picto-surgele.png" class="pictoImg ng-star-inserted" alt="Surgelé" title="Surgelé"><!----><!----><!----></eg-product-temperature-block></div><div _ngcontent-wkf-c236="" class="title-wrapper"><a _ngcontent-wkf-c236=""><h3 _ngcontent-wkf-c236="" class="title">Torsade chocolat au beurre fin
crue</h3><!----></a></div><p _ngcontent-wkf-c236="" class="text"> Portion de 120 g.<br _ngcontent-wkf-c236="" class="ng-star-inserted"><!----> Colis de 65 portions.<br _ngcontent-wkf-c236="" class="ng-star-inserted"><!----><!----><!----><!----></p><footer _ngcontent-wkf-c236=""><eg-gabarit-price _ngcontent-wkf-c236="" _nghost-wkf-c235="" class="ng-star-inserted"><div _ngcontent-wkf-c235="" class="price"> 45,50€ <!----></div><div _ngcontent-wkf-c235="" class="extra-wrapper"><div _ngcontent-wkf-c235="" class="extra"><div _ngcontent-wkf-c235=""><strong _ngcontent-wkf-c235=""><eg-product-trade-prices _ngcontent-wkf-c235="" _nghost-wkf-c155=""><div _ngcontent-wkf-c155="" class="prices-unity">Soit 5,83€ / kg </div><!----><div _ngcontent-wkf-c155="" class="prices-unity prices-other ng-star-inserted">Soit 0,70€ / portions </div><!----><!----></eg-product-trade-prices></strong> Code : 226952<br _ngcontent-wkf-c235=""></div></div><button _ngcontent-wkf-c235="" type="button" class="btn btn__icon__basic"><svg _ngcontent-wkf-c235="" xmlns="http://www.w3.org/2000/svg" viewBox="0 0 19 17.08" width="37" height="34"><path _ngcontent-wkf-c235="" d="M14.25,17.08a1.88,1.88,0,1,1,1.88-1.88A1.88,1.88,0,0,1,14.25,17.08Zm0-3.05a1.18,1.18,0,1,0,1.18,1.18A1.18,1.18,0,0,0,14.25,14Z"></path><path _ngcontent-wkf-c235="" d="M6.65,17.08A1.88,1.88,0,1,1,8.53,15.2,1.88,1.88,0,0,1,6.65,17.08Zm0-3.05A1.18,1.18,0,1,0,7.83,15.2,1.18,1.18,0,0,0,6.65,14Z"></path><path _ngcontent-wkf-c235="" d="M16.7,8.49,5.15,10,3.72,3H18Zm2.22-6a.41.41,0,0,0-.32-.15h-15l-.4-2c0-.15-.24-.31-.4-.31H.4A.37.37,0,0,0,0,.39.37.37,0,0,0,.4.77H2.45l1.9,9.42A2.77,2.77,0,0,0,7,12.35h9.1a.39.39,0,1,0,0-.77h-9a1.84,1.84,0,0,1-1.58-.85L17.1,9.19a.34.34,0,0,0,.32-.31L19,2.7A.37.37,0,0,0,18.92,2.47Z"></path></svg></button></div></eg-gabarit-price><!----></footer></div></div><!----></div><!----><!----><!----><!----><!----><!----></eg-gabarit-basic><!----><!----><eg-gabarit-basic _ngcontent-wkf-c237="" _nghost-wkf-c236="" id="masonry-item-7" class="ng-star-inserted"><div _ngcontent-wkf-c236="" ngxmasonryitem="" class="Boulangerie Viennoiserie gabarit gabarit__xs gabarit__xs__1 grid-item ng-star-inserted" style="position: absolute; left: 201px; top: 1107.05px; opacity: 1; transition-property: opacity, transform; transition-duration: 0.4s; transition-delay: 0ms;"><div _ngcontent-wkf-c236="" class="wrapper ng-star-inserted"><!----><header _ngcontent-wkf-c236="" class="header"><img _ngcontent-wkf-c236="" class="hidded" src="https://cstatic.transgourmet.fr/tg-ecommerce/images/products/detail/219571.jpg"><a _ngcontent-wkf-c236=""><img _ngcontent-wkf-c236="" class="visuel ng-star-inserted" src="https://cstatic.transgourmet.fr/tg-ecommerce/images/products/detail/219571.jpg"><!----><!----><!----></a><eg-product-info-pictos _ngcontent-wkf-c236="" _nghost-wkf-c203=""><div _ngcontent-wkf-c203="" id="infos-special-pictos"><img _ngcontent-wkf-c203="" alt="veggie" src="assets/images/picto-veggie-web-blanc.png" class="ng-star-inserted"><!----><!----></div></eg-product-info-pictos></header><div _ngcontent-wkf-c236="" class="body"><eg-products-info-top-cartouche _ngcontent-wkf-c236="" _nghost-wkf-c199="" class="ng-star-inserted"><div _ngcontent-wkf-c199="" id="infos-top" class="d-flex justify-content-end infos-top infos-top-body infos-top-cartouche ng-star-inserted"><div _ngcontent-wkf-c199="" id="infos-top__stripe" class="d-flex align-items-center justify-content-center infos-top__stripe"><img _ngcontent-wkf-c199="" src="assets/images/cartouche/promo.png"></div></div><!----></eg-products-info-top-cartouche><!----><div _ngcontent-wkf-c236="" class="labels"><div _ngcontent-wkf-c236="" class="labels-container"></div><eg-products-info-top-fide _ngcontent-wkf-c236="" _nghost-wkf-c200=""><!----></eg-products-info-top-fide></div><div _ngcontent-wkf-c236="" id="category"><h5 _ngcontent-wkf-c236="" class="category"><!----><!----></h5><eg-product-temperature-block _ngcontent-wkf-c236="" _nghost-wkf-c202=""><!----><img _ngcontent-wkf-c202="" src="https://cstatic.transgourmet.fr/tg-ecommerce/images/picto-surgele.png" class="pictoImg ng-star-inserted" alt="Surgelé" title="Surgelé"><!----><!----><!----></eg-product-temperature-block></div><div _ngcontent-wkf-c236="" class="title-wrapper"><a _ngcontent-wkf-c236=""><h3 _ngcontent-wkf-c236="" class="title">Chausson aux morceaux
de pommes</h3><!----></a></div><p _ngcontent-wkf-c236="" class="text"> Portion de 140 g.<br _ngcontent-wkf-c236="" class="ng-star-inserted"><!----> Colis de 40 portions.<br _ngcontent-wkf-c236="" class="ng-star-inserted"><!----><!----><!----><!----></p><footer _ngcontent-wkf-c236=""><eg-gabarit-price _ngcontent-wkf-c236="" _nghost-wkf-c235="" class="ng-star-inserted"><div _ngcontent-wkf-c235="" class="price"> 39,60€ <!----></div><div _ngcontent-wkf-c235="" class="extra-wrapper"><div _ngcontent-wkf-c235="" class="extra"><div _ngcontent-wkf-c235=""><strong _ngcontent-wkf-c235=""><eg-product-trade-prices _ngcontent-wkf-c235="" _nghost-wkf-c155=""><div _ngcontent-wkf-c155="" class="prices-unity">Soit 7,07€ / kg </div><!----><div _ngcontent-wkf-c155="" class="prices-unity prices-other ng-star-inserted">Soit 0,99€ / portions </div><!----><!----></eg-product-trade-prices></strong> Code : 217409<br _ngcontent-wkf-c235=""></div></div><button _ngcontent-wkf-c235="" type="button" class="btn btn__icon__basic"><svg _ngcontent-wkf-c235="" xmlns="http://www.w3.org/2000/svg" viewBox="0 0 19 17.08" width="37" height="34"><path _ngcontent-wkf-c235="" d="M14.25,17.08a1.88,1.88,0,1,1,1.88-1.88A1.88,1.88,0,0,1,14.25,17.08Zm0-3.05a1.18,1.18,0,1,0,1.18,1.18A1.18,1.18,0,0,0,14.25,14Z"></path><path _ngcontent-wkf-c235="" d="M6.65,17.08A1.88,1.88,0,1,1,8.53,15.2,1.88,1.88,0,0,1,6.65,17.08Zm0-3.05A1.18,1.18,0,1,0,7.83,15.2,1.18,1.18,0,0,0,6.65,14Z"></path><path _ngcontent-wkf-c235="" d="M16.7,8.49,5.15,10,3.72,3H18Zm2.22-6a.41.41,0,0,0-.32-.15h-15l-.4-2c0-.15-.24-.31-.4-.31H.4A.37.37,0,0,0,0,.39.37.37,0,0,0,.4.77H2.45l1.9,9.42A2.77,2.77,0,0,0,7,12.35h9.1a.39.39,0,1,0,0-.77h-9a1.84,1.84,0,0,1-1.58-.85L17.1,9.19a.34.34,0,0,0,.32-.31L19,2.7A.37.37,0,0,0,18.92,2.47Z"></path></svg></button></div></eg-gabarit-price><!----></footer></div></div><!----></div><!----><!----><!----><!----><!----><!----></eg-gabarit-basic><!----><!----><eg-gabarit-basic _ngcontent-wkf-c237="" _nghost-wkf-c236="" id="masonry-item-8" class="ng-star-inserted"><div _ngcontent-wkf-c236="" ngxmasonryitem="" class="Boulangerie Viennoiserie gabarit gabarit__xs gabarit__xs__1 grid-item ng-star-inserted" style="position: absolute; left: 0px; top: 1566.7px; opacity: 1; transition-property: opacity, transform; transition-duration: 0.4s; transition-delay: 0ms;"><div _ngcontent-wkf-c236="" class="wrapper ng-star-inserted"><!----><header _ngcontent-wkf-c236="" class="header"><img _ngcontent-wkf-c236="" class="hidded" src="https://cstatic.transgourmet.fr/tg-ecommerce/images/products/detail/217567.jpg"><a _ngcontent-wkf-c236=""><img _ngcontent-wkf-c236="" class="visuel ng-star-inserted" src="https://cstatic.transgourmet.fr/tg-ecommerce/images/products/detail/217567.jpg"><!----><!----><!----></a><eg-product-info-pictos _ngcontent-wkf-c236="" _nghost-wkf-c203=""><div _ngcontent-wkf-c203="" id="infos-special-pictos"><img _ngcontent-wkf-c203="" alt="veggie" src="assets/images/picto-veggie-web-blanc.png" class="ng-star-inserted"><!----><!----></div></eg-product-info-pictos></header><div _ngcontent-wkf-c236="" class="body"><eg-products-info-top-cartouche _ngcontent-wkf-c236="" _nghost-wkf-c199="" class="ng-star-inserted"><div _ngcontent-wkf-c199="" id="infos-top" class="d-flex justify-content-end infos-top infos-top-body infos-top-cartouche ng-star-inserted"><div _ngcontent-wkf-c199="" id="infos-top__stripe" class="d-flex align-items-center justify-content-center infos-top__stripe"><img _ngcontent-wkf-c199="" src="assets/images/cartouche/promo.png"></div></div><!----></eg-products-info-top-cartouche><!----><div _ngcontent-wkf-c236="" class="labels"><div _ngcontent-wkf-c236="" class="labels-container"></div><eg-products-info-top-fide _ngcontent-wkf-c236="" _nghost-wkf-c200=""><div _ngcontent-wkf-c200="" id="info-top-fide" class="d-flex flex-row justify-content-end ng-star-inserted"><div _ngcontent-wkf-c200="" class="d-flex flex-row-reverse justify-content-between w-100"><div _ngcontent-wkf-c200="" class="order-2 points-gourmets ng-star-inserted" title="2 points /&nbsp;colis"><div _ngcontent-wkf-c200="" class="points">2</div><div _ngcontent-wkf-c200="" class="unit carre"><span _ngcontent-wkf-c200="">/&nbsp;colis</span></div><img _ngcontent-wkf-c200="" src="assets/images/points-gourmets.553b6337.jpg" alt=""></div><!----><div _ngcontent-wkf-c200="" class="order-1 points-labo ng-star-inserted" title="1 points /&nbsp;colis"><div _ngcontent-wkf-c200="" class="points">1</div><div _ngcontent-wkf-c200="" class="unit labo"><span _ngcontent-wkf-c200="">/&nbsp;colis</span></div><img _ngcontent-wkf-c200="" src="assets/images/points-labo.54e2fda2.jpg" alt=""></div><!----></div></div><!----></eg-products-info-top-fide></div><div _ngcontent-wkf-c236="" id="category"><h5 _ngcontent-wkf-c236="" class="category"><span _ngcontent-wkf-c236="" class="txt ng-star-inserted">BRIDOR</span><!----><!----></h5><eg-product-temperature-block _ngcontent-wkf-c236="" _nghost-wkf-c202=""><!----><img _ngcontent-wkf-c202="" src="https://cstatic.transgourmet.fr/tg-ecommerce/images/picto-surgele.png" class="pictoImg ng-star-inserted" alt="Surgelé" title="Surgelé"><!----><!----><!----></eg-product-temperature-block></div><div _ngcontent-wkf-c236="" class="title-wrapper"><a _ngcontent-wkf-c236=""><h3 _ngcontent-wkf-c236="" class="title">Pain raisin beurre fin pac
piece de 110 g
colis de 60</h3><!----></a></div><p _ngcontent-wkf-c236="" class="text"> Portion de 110 g.<br _ngcontent-wkf-c236="" class="ng-star-inserted"><!----> Colis de 60 portions.<br _ngcontent-wkf-c236="" class="ng-star-inserted"><!----><!----><!----><!----></p><footer _ngcontent-wkf-c236=""><eg-gabarit-price _ngcontent-wkf-c236="" _nghost-wkf-c235="" class="ng-star-inserted"><div _ngcontent-wkf-c235="" class="price"> 30,00€ <!----></div><div _ngcontent-wkf-c235="" class="extra-wrapper"><div _ngcontent-wkf-c235="" class="extra"><div _ngcontent-wkf-c235=""><strong _ngcontent-wkf-c235=""><eg-product-trade-prices _ngcontent-wkf-c235="" _nghost-wkf-c155=""><div _ngcontent-wkf-c155="" class="prices-unity">Soit 4,55€ / kg </div><!----><div _ngcontent-wkf-c155="" class="prices-unity prices-other ng-star-inserted">Soit 0,50€ / portions </div><!----><!----></eg-product-trade-prices></strong> Code : 101640<br _ngcontent-wkf-c235=""></div></div><button _ngcontent-wkf-c235="" type="button" class="btn btn__icon__basic"><svg _ngcontent-wkf-c235="" xmlns="http://www.w3.org/2000/svg" viewBox="0 0 19 17.08" width="37" height="34"><path _ngcontent-wkf-c235="" d="M14.25,17.08a1.88,1.88,0,1,1,1.88-1.88A1.88,1.88,0,0,1,14.25,17.08Zm0-3.05a1.18,1.18,0,1,0,1.18,1.18A1.18,1.18,0,0,0,14.25,14Z"></path><path _ngcontent-wkf-c235="" d="M6.65,17.08A1.88,1.88,0,1,1,8.53,15.2,1.88,1.88,0,0,1,6.65,17.08Zm0-3.05A1.18,1.18,0,1,0,7.83,15.2,1.18,1.18,0,0,0,6.65,14Z"></path><path _ngcontent-wkf-c235="" d="M16.7,8.49,5.15,10,3.72,3H18Zm2.22-6a.41.41,0,0,0-.32-.15h-15l-.4-2c0-.15-.24-.31-.4-.31H.4A.37.37,0,0,0,0,.39.37.37,0,0,0,.4.77H2.45l1.9,9.42A2.77,2.77,0,0,0,7,12.35h9.1a.39.39,0,1,0,0-.77h-9a1.84,1.84,0,0,1-1.58-.85L17.1,9.19a.34.34,0,0,0,.32-.31L19,2.7A.37.37,0,0,0,18.92,2.47Z"></path></svg></button></div></eg-gabarit-price><!----></footer></div></div><!----></div><!----><!----><!----><!----><!----><!----></eg-gabarit-basic><!----><!----><eg-gabarit-basic _ngcontent-wkf-c237="" _nghost-wkf-c236="" id="masonry-item-9" class="ng-star-inserted"><div _ngcontent-wkf-c236="" ngxmasonryitem="" class="Boulangerie Viennoiserie gabarit gabarit__xs gabarit__xs__1 grid-item ng-star-inserted" style="position: absolute; left: 201px; top: 1473.27px; opacity: 1; transition-property: opacity, transform; transition-duration: 0.4s; transition-delay: 0ms;"><div _ngcontent-wkf-c236="" class="wrapper ng-star-inserted"><eg-gabarit-cartouche _ngcontent-wkf-c236="" _nghost-wkf-c234="" class="ng-star-inserted"><div _ngcontent-wkf-c234="" class="top-bar top-bar__web ng-star-inserted"><div _ngcontent-wkf-c234="" class="editable-container"><div _ngcontent-wkf-c234="" class="editable-bg"><span _ngcontent-wkf-c234="" class="editable-overlay">Modifier le cartouche</span></div></div><div _ngcontent-wkf-c234="" class="bg-red ng-star-inserted"><div _ngcontent-wkf-c234="" class="top-bar--content"> prix<strong _ngcontent-wkf-c234="">exclu</strong>web </div></div><!----><!----><!----><div _ngcontent-wkf-c234="" class="top-bar--price"><div _ngcontent-wkf-c234="" class="d-inline-flex flex-middle"><div _ngcontent-wkf-c234="" class="unit">17</div><div _ngcontent-wkf-c234="" class="currency">€<br _ngcontent-wkf-c234="">85</div></div><div _ngcontent-wkf-c234="" class="quantify">Par portions</div></div></div><!----></eg-gabarit-cartouche><!----><header _ngcontent-wkf-c236="" class="header"><img _ngcontent-wkf-c236="" class="hidded" src="https://cstatic.transgourmet.fr/tg-ecommerce/images/products/detail/225439.jpg"><a _ngcontent-wkf-c236=""><img _ngcontent-wkf-c236="" class="visuel ng-star-inserted" src="https://cstatic.transgourmet.fr/tg-ecommerce/images/products/detail/225439.jpg"><!----><!----><!----></a><eg-product-info-pictos _ngcontent-wkf-c236="" _nghost-wkf-c203=""><div _ngcontent-wkf-c203="" id="infos-special-pictos"><img _ngcontent-wkf-c203="" alt="veggie" src="assets/images/picto-veggie-web-blanc.png" class="ng-star-inserted"><!----><!----></div></eg-product-info-pictos></header><div _ngcontent-wkf-c236="" class="body"><!----><div _ngcontent-wkf-c236="" class="labels"><div _ngcontent-wkf-c236="" class="labels-container"></div><eg-products-info-top-fide _ngcontent-wkf-c236="" _nghost-wkf-c200=""><!----></eg-products-info-top-fide></div><div _ngcontent-wkf-c236="" id="category"><h5 _ngcontent-wkf-c236="" class="category"><span _ngcontent-wkf-c236="" class="txt ng-star-inserted">POULAILLON</span><!----><!----></h5><eg-product-temperature-block _ngcontent-wkf-c236="" _nghost-wkf-c202=""><!----><img _ngcontent-wkf-c202="" src="https://cstatic.transgourmet.fr/tg-ecommerce/images/picto-surgele.png" class="pictoImg ng-star-inserted" alt="Surgelé" title="Surgelé"><!----><!----><!----></eg-product-temperature-block></div><div _ngcontent-wkf-c236="" class="title-wrapper"><a _ngcontent-wkf-c236=""><h3 _ngcontent-wkf-c236="" class="title">Pain ciabatta précuit</h3><!----></a></div><p _ngcontent-wkf-c236="" class="text"> Portion de 160 g.<br _ngcontent-wkf-c236="" class="ng-star-inserted"><!----> Colis de 40 portions.<br _ngcontent-wkf-c236="" class="ng-star-inserted"><!----><!----><!----><!----></p><footer _ngcontent-wkf-c236=""><eg-gabarit-price _ngcontent-wkf-c236="" _nghost-wkf-c235="" class="ng-star-inserted"><div _ngcontent-wkf-c235="" class="price"> 17,85€ <!----></div><div _ngcontent-wkf-c235="" class="extra-wrapper"><div _ngcontent-wkf-c235="" class="extra"><div _ngcontent-wkf-c235=""><strong _ngcontent-wkf-c235=""><eg-product-trade-prices _ngcontent-wkf-c235="" _nghost-wkf-c155=""><div _ngcontent-wkf-c155="" class="prices-unity">Soit 2,79€ / kg </div><!----><div _ngcontent-wkf-c155="" class="prices-unity prices-other ng-star-inserted">Soit 0,45€ / portions </div><!----><!----></eg-product-trade-prices></strong> Code : 100667<br _ngcontent-wkf-c235=""></div></div><button _ngcontent-wkf-c235="" type="button" class="btn btn__icon__basic"><svg _ngcontent-wkf-c235="" xmlns="http://www.w3.org/2000/svg" viewBox="0 0 19 17.08" width="37" height="34"><path _ngcontent-wkf-c235="" d="M14.25,17.08a1.88,1.88,0,1,1,1.88-1.88A1.88,1.88,0,0,1,14.25,17.08Zm0-3.05a1.18,1.18,0,1,0,1.18,1.18A1.18,1.18,0,0,0,14.25,14Z"></path><path _ngcontent-wkf-c235="" d="M6.65,17.08A1.88,1.88,0,1,1,8.53,15.2,1.88,1.88,0,0,1,6.65,17.08Zm0-3.05A1.18,1.18,0,1,0,7.83,15.2,1.18,1.18,0,0,0,6.65,14Z"></path><path _ngcontent-wkf-c235="" d="M16.7,8.49,5.15,10,3.72,3H18Zm2.22-6a.41.41,0,0,0-.32-.15h-15l-.4-2c0-.15-.24-.31-.4-.31H.4A.37.37,0,0,0,0,.39.37.37,0,0,0,.4.77H2.45l1.9,9.42A2.77,2.77,0,0,0,7,12.35h9.1a.39.39,0,1,0,0-.77h-9a1.84,1.84,0,0,1-1.58-.85L17.1,9.19a.34.34,0,0,0,.32-.31L19,2.7A.37.37,0,0,0,18.92,2.47Z"></path></svg></button></div></eg-gabarit-price><!----></footer></div></div><!----></div><!----><!----><!----><!----><!----><!----></eg-gabarit-basic><!----><!----><eg-gabarit-basic _ngcontent-wkf-c237="" _nghost-wkf-c236="" id="masonry-item-10" class="ng-star-inserted"><div _ngcontent-wkf-c236="" ngxmasonryitem="" class="Boulangerie Viennoiserie gabarit gabarit__xs gabarit__xs__1 grid-item ng-star-inserted" style="position: absolute; left: 0px; top: 1985.53px; opacity: 1; transition-property: opacity, transform; transition-duration: 0.4s; transition-delay: 0ms;"><div _ngcontent-wkf-c236="" class="wrapper ng-star-inserted"><!----><header _ngcontent-wkf-c236="" class="header"><img _ngcontent-wkf-c236="" class="hidded" src="https://cstatic.transgourmet.fr/tg-ecommerce/images/products/detail/220872.jpg"><a _ngcontent-wkf-c236=""><img _ngcontent-wkf-c236="" class="visuel ng-star-inserted" src="https://cstatic.transgourmet.fr/tg-ecommerce/images/products/detail/220872.jpg"><!----><!----><!----></a><eg-product-info-pictos _ngcontent-wkf-c236="" _nghost-wkf-c203=""><div _ngcontent-wkf-c203="" id="infos-special-pictos"><img _ngcontent-wkf-c203="" alt="veggie" src="assets/images/picto-veggie-web-blanc.png" class="ng-star-inserted"><!----><!----></div></eg-product-info-pictos></header><div _ngcontent-wkf-c236="" class="body"><eg-products-info-top-cartouche _ngcontent-wkf-c236="" _nghost-wkf-c199="" class="ng-star-inserted"><div _ngcontent-wkf-c199="" id="infos-top" class="d-flex justify-content-end infos-top infos-top-body infos-top-cartouche ng-star-inserted"><div _ngcontent-wkf-c199="" id="infos-top__stripe" class="d-flex align-items-center justify-content-center infos-top__stripe"><img _ngcontent-wkf-c199="" src="assets/images/cartouche/promo.png"></div></div><!----></eg-products-info-top-cartouche><!----><div _ngcontent-wkf-c236="" class="labels"><div _ngcontent-wkf-c236="" class="labels-container"></div><eg-products-info-top-fide _ngcontent-wkf-c236="" _nghost-wkf-c200=""><div _ngcontent-wkf-c200="" id="info-top-fide" class="d-flex flex-row justify-content-end ng-star-inserted"><div _ngcontent-wkf-c200="" class="d-flex flex-row-reverse justify-content-between w-100"><!----><div _ngcontent-wkf-c200="" class="order-1 points-labo ng-star-inserted" title="3 points /&nbsp;sac"><div _ngcontent-wkf-c200="" class="points">3</div><div _ngcontent-wkf-c200="" class="unit labo"><span _ngcontent-wkf-c200="">/&nbsp;sac</span></div><img _ngcontent-wkf-c200="" src="assets/images/points-labo.54e2fda2.jpg" alt=""></div><!----></div></div><!----></eg-products-info-top-fide></div><div _ngcontent-wkf-c236="" id="category"><h5 _ngcontent-wkf-c236="" class="category"><span _ngcontent-wkf-c236="" class="txt ng-star-inserted">COMPLET</span><!----><!----></h5><eg-product-temperature-block _ngcontent-wkf-c236="" _nghost-wkf-c202=""><!----><!----></eg-product-temperature-block></div><div _ngcontent-wkf-c236="" class="title-wrapper"><a _ngcontent-wkf-c236=""><h3 _ngcontent-wkf-c236="" class="title">Préparation pour viennoiserie
Baguette viennoise au beurre</h3><h3 _ngcontent-wkf-c236="" class="title ng-star-inserted"> sac de 25 kg </h3><!----></a></div><p _ngcontent-wkf-c236="" class="text"> Par sac de 25 kg.<br _ngcontent-wkf-c236="" class="ng-star-inserted"><!----><!----><!----><!----></p><footer _ngcontent-wkf-c236=""><eg-gabarit-price _ngcontent-wkf-c236="" _nghost-wkf-c235="" class="ng-star-inserted"><div _ngcontent-wkf-c235="" class="price"> 60,00€ <!----></div><div _ngcontent-wkf-c235="" class="extra-wrapper"><div _ngcontent-wkf-c235="" class="extra"><div _ngcontent-wkf-c235=""><strong _ngcontent-wkf-c235=""><eg-product-trade-prices _ngcontent-wkf-c235="" _nghost-wkf-c155=""><div _ngcontent-wkf-c155="" class="prices-unity">Soit 2,40€ / kg </div><!----><!----><!----></eg-product-trade-prices></strong> Code : 071936<br _ngcontent-wkf-c235=""></div></div><button _ngcontent-wkf-c235="" type="button" class="btn btn__icon__basic"><svg _ngcontent-wkf-c235="" xmlns="http://www.w3.org/2000/svg" viewBox="0 0 19 17.08" width="37" height="34"><path _ngcontent-wkf-c235="" d="M14.25,17.08a1.88,1.88,0,1,1,1.88-1.88A1.88,1.88,0,0,1,14.25,17.08Zm0-3.05a1.18,1.18,0,1,0,1.18,1.18A1.18,1.18,0,0,0,14.25,14Z"></path><path _ngcontent-wkf-c235="" d="M6.65,17.08A1.88,1.88,0,1,1,8.53,15.2,1.88,1.88,0,0,1,6.65,17.08Zm0-3.05A1.18,1.18,0,1,0,7.83,15.2,1.18,1.18,0,0,0,6.65,14Z"></path><path _ngcontent-wkf-c235="" d="M16.7,8.49,5.15,10,3.72,3H18Zm2.22-6a.41.41,0,0,0-.32-.15h-15l-.4-2c0-.15-.24-.31-.4-.31H.4A.37.37,0,0,0,0,.39.37.37,0,0,0,.4.77H2.45l1.9,9.42A2.77,2.77,0,0,0,7,12.35h9.1a.39.39,0,1,0,0-.77h-9a1.84,1.84,0,0,1-1.58-.85L17.1,9.19a.34.34,0,0,0,.32-.31L19,2.7A.37.37,0,0,0,18.92,2.47Z"></path></svg></button></div></eg-gabarit-price><!----></footer></div></div><!----></div><!----><!----><!----><!----><!----><!----></eg-gabarit-basic><!----><!----><eg-gabarit-basic _ngcontent-wkf-c237="" _nghost-wkf-c236="" id="masonry-item-11" class="ng-star-inserted"><div _ngcontent-wkf-c236="" ngxmasonryitem="" class="Boulangerie Viennoiserie gabarit gabarit__xs gabarit__xs__1 grid-item ng-star-inserted" style="position: absolute; left: 201px; top: 1936.12px; opacity: 1; transition-property: opacity, transform; transition-duration: 0.4s; transition-delay: 0ms;"><div _ngcontent-wkf-c236="" class="wrapper ng-star-inserted"><!----><header _ngcontent-wkf-c236="" class="header"><img _ngcontent-wkf-c236="" class="hidded" src="https://cstatic.transgourmet.fr/tg-ecommerce/images/products/detail/216283.jpg"><a _ngcontent-wkf-c236=""><img _ngcontent-wkf-c236="" class="visuel ng-star-inserted" src="https://cstatic.transgourmet.fr/tg-ecommerce/images/products/detail/216283.jpg"><!----><!----><!----></a><eg-product-info-pictos _ngcontent-wkf-c236="" _nghost-wkf-c203=""><div _ngcontent-wkf-c203="" id="infos-special-pictos"><img _ngcontent-wkf-c203="" alt="veggie" src="assets/images/picto-veggie-web-blanc.png" class="ng-star-inserted"><!----><!----></div></eg-product-info-pictos></header><div _ngcontent-wkf-c236="" class="body"><eg-products-info-top-cartouche _ngcontent-wkf-c236="" _nghost-wkf-c199="" class="ng-star-inserted"><div _ngcontent-wkf-c199="" id="infos-top" class="d-flex justify-content-end infos-top infos-top-body infos-top-cartouche ng-star-inserted"><div _ngcontent-wkf-c199="" id="infos-top__stripe" class="d-flex align-items-center justify-content-center infos-top__stripe"><img _ngcontent-wkf-c199="" src="assets/images/cartouche/promo.png"></div></div><!----></eg-products-info-top-cartouche><!----><div _ngcontent-wkf-c236="" class="labels"><div _ngcontent-wkf-c236="" class="labels-container"></div><eg-products-info-top-fide _ngcontent-wkf-c236="" _nghost-wkf-c200=""><div _ngcontent-wkf-c200="" id="info-top-fide" class="d-flex flex-row justify-content-end ng-star-inserted"><div _ngcontent-wkf-c200="" class="d-flex flex-row-reverse justify-content-between w-100"><!----><div _ngcontent-wkf-c200="" class="order-1 points-labo ng-star-inserted" title="2 points /&nbsp;colis"><div _ngcontent-wkf-c200="" class="points">2</div><div _ngcontent-wkf-c200="" class="unit labo"><span _ngcontent-wkf-c200="">/&nbsp;colis</span></div><img _ngcontent-wkf-c200="" src="assets/images/points-labo.54e2fda2.jpg" alt=""></div><!----></div></div><!----></eg-products-info-top-fide></div><div _ngcontent-wkf-c236="" id="category"><h5 _ngcontent-wkf-c236="" class="category"><span _ngcontent-wkf-c236="" class="txt ng-star-inserted">LEGAVE</span><!----><!----></h5><eg-product-temperature-block _ngcontent-wkf-c236="" _nghost-wkf-c202=""><!----><img _ngcontent-wkf-c202="" src="https://cstatic.transgourmet.fr/tg-ecommerce/images/picto-surgele.png" class="pictoImg ng-star-inserted" alt="Surgelé" title="Surgelé"><!----><!----><!----></eg-product-temperature-block></div><div _ngcontent-wkf-c236="" class="title-wrapper"><a _ngcontent-wkf-c236=""><h3 _ngcontent-wkf-c236="" class="title">Croissant cru beurre fin</h3><!----></a></div><p _ngcontent-wkf-c236="" class="text"> Portion de 70 g.<br _ngcontent-wkf-c236="" class="ng-star-inserted"><!----> Colis de 165 portions.<br _ngcontent-wkf-c236="" class="ng-star-inserted"><!----><!----><!----><!----></p><footer _ngcontent-wkf-c236=""><eg-gabarit-price _ngcontent-wkf-c236="" _nghost-wkf-c235="" class="ng-star-inserted"><div _ngcontent-wkf-c235="" class="price"> 42,90€ <!----></div><div _ngcontent-wkf-c235="" class="extra-wrapper"><div _ngcontent-wkf-c235="" class="extra"><div _ngcontent-wkf-c235=""><strong _ngcontent-wkf-c235=""><eg-product-trade-prices _ngcontent-wkf-c235="" _nghost-wkf-c155=""><div _ngcontent-wkf-c155="" class="prices-unity">Soit 3,71€ / kg </div><!----><div _ngcontent-wkf-c155="" class="prices-unity prices-other ng-star-inserted">Soit 0,26€ / portions </div><!----><!----></eg-product-trade-prices></strong> Code : 970888<br _ngcontent-wkf-c235=""></div></div><button _ngcontent-wkf-c235="" type="button" class="btn btn__icon__basic"><svg _ngcontent-wkf-c235="" xmlns="http://www.w3.org/2000/svg" viewBox="0 0 19 17.08" width="37" height="34"><path _ngcontent-wkf-c235="" d="M14.25,17.08a1.88,1.88,0,1,1,1.88-1.88A1.88,1.88,0,0,1,14.25,17.08Zm0-3.05a1.18,1.18,0,1,0,1.18,1.18A1.18,1.18,0,0,0,14.25,14Z"></path><path _ngcontent-wkf-c235="" d="M6.65,17.08A1.88,1.88,0,1,1,8.53,15.2,1.88,1.88,0,0,1,6.65,17.08Zm0-3.05A1.18,1.18,0,1,0,7.83,15.2,1.18,1.18,0,0,0,6.65,14Z"></path><path _ngcontent-wkf-c235="" d="M16.7,8.49,5.15,10,3.72,3H18Zm2.22-6a.41.41,0,0,0-.32-.15h-15l-.4-2c0-.15-.24-.31-.4-.31H.4A.37.37,0,0,0,0,.39.37.37,0,0,0,.4.77H2.45l1.9,9.42A2.77,2.77,0,0,0,7,12.35h9.1a.39.39,0,1,0,0-.77h-9a1.84,1.84,0,0,1-1.58-.85L17.1,9.19a.34.34,0,0,0,.32-.31L19,2.7A.37.37,0,0,0,18.92,2.47Z"></path></svg></button></div></eg-gabarit-price><!----></footer></div></div><!----></div><!----><!----><!----><!----><!----><!----></eg-gabarit-basic><!----><!----><eg-gabarit-basic _ngcontent-wkf-c237="" _nghost-wkf-c236="" id="masonry-item-12" class="ng-star-inserted"><div _ngcontent-wkf-c236="" ngxmasonryitem="" class="Boulangerie Viennoiserie gabarit gabarit__xs gabarit__xs__1 grid-item ng-star-inserted" style="position: absolute; left: 0px; top: 2403.94px; opacity: 1; transition-property: opacity, transform; transition-duration: 0.4s; transition-delay: 0ms;"><div _ngcontent-wkf-c236="" class="wrapper ng-star-inserted"><!----><header _ngcontent-wkf-c236="" class="header"><img _ngcontent-wkf-c236="" class="hidded" src="https://cstatic.transgourmet.fr/tg-ecommerce/images/products/detail/214442.jpg"><a _ngcontent-wkf-c236=""><img _ngcontent-wkf-c236="" class="visuel ng-star-inserted" src="https://cstatic.transgourmet.fr/tg-ecommerce/images/products/detail/214442.jpg"><!----><!----><!----></a><eg-product-info-pictos _ngcontent-wkf-c236="" _nghost-wkf-c203=""><div _ngcontent-wkf-c203="" id="infos-special-pictos"><img _ngcontent-wkf-c203="" alt="veggie" src="assets/images/picto-veggie-web-blanc.png" class="ng-star-inserted"><!----><!----></div></eg-product-info-pictos></header><div _ngcontent-wkf-c236="" class="body"><eg-products-info-top-cartouche _ngcontent-wkf-c236="" _nghost-wkf-c199="" class="ng-star-inserted"><div _ngcontent-wkf-c199="" id="infos-top" class="d-flex justify-content-end infos-top infos-top-body infos-top-cartouche ng-star-inserted"><div _ngcontent-wkf-c199="" id="infos-top__stripe" class="d-flex align-items-center justify-content-center infos-top__stripe"><img _ngcontent-wkf-c199="" src="assets/images/cartouche/promo.png"></div></div><!----></eg-products-info-top-cartouche><!----><div _ngcontent-wkf-c236="" class="labels"><div _ngcontent-wkf-c236="" class="labels-container"></div><eg-products-info-top-fide _ngcontent-wkf-c236="" _nghost-wkf-c200=""><div _ngcontent-wkf-c200="" id="info-top-fide" class="d-flex flex-row justify-content-end ng-star-inserted"><div _ngcontent-wkf-c200="" class="d-flex flex-row-reverse justify-content-between w-100"><!----><div _ngcontent-wkf-c200="" class="order-1 points-labo ng-star-inserted" title="2 points /&nbsp;colis"><div _ngcontent-wkf-c200="" class="points">2</div><div _ngcontent-wkf-c200="" class="unit labo"><span _ngcontent-wkf-c200="">/&nbsp;colis</span></div><img _ngcontent-wkf-c200="" src="assets/images/points-labo.54e2fda2.jpg" alt=""></div><!----></div></div><!----></eg-products-info-top-fide></div><div _ngcontent-wkf-c236="" id="category"><h5 _ngcontent-wkf-c236="" class="category"><span _ngcontent-wkf-c236="" class="txt ng-star-inserted">LEGAVE</span><!----><!----></h5><eg-product-temperature-block _ngcontent-wkf-c236="" _nghost-wkf-c202=""><!----><img _ngcontent-wkf-c202="" src="https://cstatic.transgourmet.fr/tg-ecommerce/images/picto-surgele.png" class="pictoImg ng-star-inserted" alt="Surgelé" title="Surgelé"><!----><!----><!----></eg-product-temperature-block></div><div _ngcontent-wkf-c236="" class="title-wrapper"><a _ngcontent-wkf-c236=""><h3 _ngcontent-wkf-c236="" class="title">Chausson aux pommes
pret à cuire</h3><!----></a></div><p _ngcontent-wkf-c236="" class="text"> Portion de 105 g.<br _ngcontent-wkf-c236="" class="ng-star-inserted"><!----> Colis de 50 portions.<br _ngcontent-wkf-c236="" class="ng-star-inserted"><!----><!----><!----><!----></p><footer _ngcontent-wkf-c236=""><eg-gabarit-price _ngcontent-wkf-c236="" _nghost-wkf-c235="" class="ng-star-inserted"><div _ngcontent-wkf-c235="" class="price"> 33,50€ <!----></div><div _ngcontent-wkf-c235="" class="extra-wrapper"><div _ngcontent-wkf-c235="" class="extra"><div _ngcontent-wkf-c235=""><strong _ngcontent-wkf-c235=""><eg-product-trade-prices _ngcontent-wkf-c235="" _nghost-wkf-c155=""><div _ngcontent-wkf-c155="" class="prices-unity">Soit 6,38€ / kg </div><!----><div _ngcontent-wkf-c155="" class="prices-unity prices-other ng-star-inserted">Soit 0,67€ / portions </div><!----><!----></eg-product-trade-prices></strong> Code : 907394<br _ngcontent-wkf-c235=""></div></div><button _ngcontent-wkf-c235="" type="button" class="btn btn__icon__basic"><svg _ngcontent-wkf-c235="" xmlns="http://www.w3.org/2000/svg" viewBox="0 0 19 17.08" width="37" height="34"><path _ngcontent-wkf-c235="" d="M14.25,17.08a1.88,1.88,0,1,1,1.88-1.88A1.88,1.88,0,0,1,14.25,17.08Zm0-3.05a1.18,1.18,0,1,0,1.18,1.18A1.18,1.18,0,0,0,14.25,14Z"></path><path _ngcontent-wkf-c235="" d="M6.65,17.08A1.88,1.88,0,1,1,8.53,15.2,1.88,1.88,0,0,1,6.65,17.08Zm0-3.05A1.18,1.18,0,1,0,7.83,15.2,1.18,1.18,0,0,0,6.65,14Z"></path><path _ngcontent-wkf-c235="" d="M16.7,8.49,5.15,10,3.72,3H18Zm2.22-6a.41.41,0,0,0-.32-.15h-15l-.4-2c0-.15-.24-.31-.4-.31H.4A.37.37,0,0,0,0,.39.37.37,0,0,0,.4.77H2.45l1.9,9.42A2.77,2.77,0,0,0,7,12.35h9.1a.39.39,0,1,0,0-.77h-9a1.84,1.84,0,0,1-1.58-.85L17.1,9.19a.34.34,0,0,0,.32-.31L19,2.7A.37.37,0,0,0,18.92,2.47Z"></path></svg></button></div></eg-gabarit-price><!----></footer></div></div><!----></div><!----><!----><!----><!----><!----><!----></eg-gabarit-basic><!----><!----><!----></ngx-masonry><!----></div><!----></div><!----><!----><div _ngcontent-wkf-c237="" class="container container__catalogue ng-star-inserted"><div _ngcontent-wkf-c237="" class="ng-star-inserted"><div _ngcontent-wkf-c237="" class="title__catalogue"><h2 _ngcontent-wkf-c237="" class="text">Confiserie</h2><div _ngcontent-wkf-c237="" class="badge_catalogue">10 produits</div></div><ngx-masonry _ngcontent-wkf-c237="" _nghost-wkf-c142="" class="ng-star-inserted" style="position: relative; height: 1947.27px;"><eg-gabarit-basic _ngcontent-wkf-c237="" _nghost-wkf-c236="" id="masonry-item-0" class="ng-star-inserted"><div _ngcontent-wkf-c236="" ngxmasonryitem="" class="Confiserie gabarit gabarit__xs gabarit__xs__1 grid-item ng-star-inserted" style="position: absolute; left: 0px; top: 0px; opacity: 1; transition-property: opacity, transform; transition-duration: 0.4s; transition-delay: 0ms;"><div _ngcontent-wkf-c236="" class="wrapper ng-star-inserted"><!----><header _ngcontent-wkf-c236="" class="header"><img _ngcontent-wkf-c236="" class="hidded" src="https://cstatic.transgourmet.fr/tg-ecommerce/images/products/detail/255937.jpg"><a _ngcontent-wkf-c236=""><img _ngcontent-wkf-c236="" class="visuel ng-star-inserted" src="https://cstatic.transgourmet.fr/tg-ecommerce/images/products/detail/255937.jpg"><!----><!----><!----></a><eg-product-info-pictos _ngcontent-wkf-c236="" _nghost-wkf-c203=""><div _ngcontent-wkf-c203="" id="infos-special-pictos"><!----><!----></div></eg-product-info-pictos></header><div _ngcontent-wkf-c236="" class="body"><eg-products-info-top-cartouche _ngcontent-wkf-c236="" _nghost-wkf-c199="" class="ng-star-inserted"><div _ngcontent-wkf-c199="" id="infos-top" class="d-flex justify-content-end infos-top infos-top-body infos-top-cartouche ng-star-inserted"><div _ngcontent-wkf-c199="" id="infos-top__stripe" class="d-flex align-items-center justify-content-center infos-top__stripe"><img _ngcontent-wkf-c199="" src="assets/images/cartouche/promo.png"></div></div><!----></eg-products-info-top-cartouche><!----><div _ngcontent-wkf-c236="" class="labels"><div _ngcontent-wkf-c236="" class="labels-container"></div><eg-products-info-top-fide _ngcontent-wkf-c236="" _nghost-wkf-c200=""><!----></eg-products-info-top-fide></div><div _ngcontent-wkf-c236="" id="category"><h5 _ngcontent-wkf-c236="" class="category"><span _ngcontent-wkf-c236="" class="txt ng-star-inserted">HARIBO</span><!----><!----></h5><eg-product-temperature-block _ngcontent-wkf-c236="" _nghost-wkf-c202=""><!----><!----></eg-product-temperature-block></div><div _ngcontent-wkf-c236="" class="title-wrapper"><a _ngcontent-wkf-c236=""><h3 _ngcontent-wkf-c236="" class="title">Colis kermesse 2022</h3><!----></a></div><p _ngcontent-wkf-c236="" class="text"> Par colis de 31.837 kg.<br _ngcontent-wkf-c236="" class="ng-star-inserted"><!----><!----><!----><!----></p><footer _ngcontent-wkf-c236=""><eg-gabarit-price _ngcontent-wkf-c236="" _nghost-wkf-c235="" class="ng-star-inserted"><div _ngcontent-wkf-c235="" class="price"> 163,50€ <!----></div><div _ngcontent-wkf-c235="" class="extra-wrapper"><div _ngcontent-wkf-c235="" class="extra"><div _ngcontent-wkf-c235=""><strong _ngcontent-wkf-c235=""><eg-product-trade-prices _ngcontent-wkf-c235="" _nghost-wkf-c155=""><div _ngcontent-wkf-c155="" class="prices-unity">Soit 5,14€ / kg </div><!----><!----><!----></eg-product-trade-prices></strong> Code : 401418<br _ngcontent-wkf-c235=""></div></div><button _ngcontent-wkf-c235="" type="button" class="btn btn__icon__basic"><svg _ngcontent-wkf-c235="" xmlns="http://www.w3.org/2000/svg" viewBox="0 0 19 17.08" width="37" height="34"><path _ngcontent-wkf-c235="" d="M14.25,17.08a1.88,1.88,0,1,1,1.88-1.88A1.88,1.88,0,0,1,14.25,17.08Zm0-3.05a1.18,1.18,0,1,0,1.18,1.18A1.18,1.18,0,0,0,14.25,14Z"></path><path _ngcontent-wkf-c235="" d="M6.65,17.08A1.88,1.88,0,1,1,8.53,15.2,1.88,1.88,0,0,1,6.65,17.08Zm0-3.05A1.18,1.18,0,1,0,7.83,15.2,1.18,1.18,0,0,0,6.65,14Z"></path><path _ngcontent-wkf-c235="" d="M16.7,8.49,5.15,10,3.72,3H18Zm2.22-6a.41.41,0,0,0-.32-.15h-15l-.4-2c0-.15-.24-.31-.4-.31H.4A.37.37,0,0,0,0,.39.37.37,0,0,0,.4.77H2.45l1.9,9.42A2.77,2.77,0,0,0,7,12.35h9.1a.39.39,0,1,0,0-.77h-9a1.84,1.84,0,0,1-1.58-.85L17.1,9.19a.34.34,0,0,0,.32-.31L19,2.7A.37.37,0,0,0,18.92,2.47Z"></path></svg></button></div></eg-gabarit-price><!----></footer></div></div><!----></div><!----><!----><!----><!----><!----><!----></eg-gabarit-basic><!----><!----><eg-gabarit-basic _ngcontent-wkf-c237="" _nghost-wkf-c236="" id="masonry-item-1" class="ng-star-inserted"><div _ngcontent-wkf-c236="" ngxmasonryitem="" class="Confiserie gabarit gabarit__xs gabarit__xs__1 grid-item ng-star-inserted" style="position: absolute; left: 201px; top: 0px; opacity: 1; transition-property: opacity, transform; transition-duration: 0.4s; transition-delay: 0ms;"><div _ngcontent-wkf-c236="" class="wrapper ng-star-inserted"><!----><header _ngcontent-wkf-c236="" class="header"><img _ngcontent-wkf-c236="" class="hidded" src="https://cstatic.transgourmet.fr/tg-ecommerce/images/products/detail/223056.jpg"><a _ngcontent-wkf-c236=""><img _ngcontent-wkf-c236="" class="visuel ng-star-inserted" src="https://cstatic.transgourmet.fr/tg-ecommerce/images/products/detail/223056.jpg"><!----><!----><!----></a><eg-product-info-pictos _ngcontent-wkf-c236="" _nghost-wkf-c203=""><div _ngcontent-wkf-c203="" id="infos-special-pictos"><img _ngcontent-wkf-c203="" alt="veggie" src="assets/images/picto-veggie-web-blanc.png" class="ng-star-inserted"><!----><!----></div></eg-product-info-pictos></header><div _ngcontent-wkf-c236="" class="body"><eg-products-info-top-cartouche _ngcontent-wkf-c236="" _nghost-wkf-c199="" class="ng-star-inserted"><div _ngcontent-wkf-c199="" id="infos-top" class="d-flex justify-content-end infos-top infos-top-body infos-top-cartouche ng-star-inserted"><div _ngcontent-wkf-c199="" id="infos-top__stripe" class="d-flex align-items-center justify-content-center infos-top__stripe"><img _ngcontent-wkf-c199="" src="assets/images/cartouche/promo.png"></div></div><!----></eg-products-info-top-cartouche><!----><div _ngcontent-wkf-c236="" class="labels"><div _ngcontent-wkf-c236="" class="labels-container"></div><eg-products-info-top-fide _ngcontent-wkf-c236="" _nghost-wkf-c200=""><div _ngcontent-wkf-c200="" id="info-top-fide" class="d-flex flex-row justify-content-end ng-star-inserted"><div _ngcontent-wkf-c200="" class="d-flex flex-row-reverse justify-content-between w-100"><div _ngcontent-wkf-c200="" class="order-2 points-gourmets ng-star-inserted" title="20 points /&nbsp;boite"><div _ngcontent-wkf-c200="" class="points">20</div><div _ngcontent-wkf-c200="" class="unit carre"><span _ngcontent-wkf-c200="">/&nbsp;boite</span></div><img _ngcontent-wkf-c200="" src="assets/images/points-gourmets.553b6337.jpg" alt=""></div><!----><!----></div></div><!----></eg-products-info-top-fide></div><div _ngcontent-wkf-c236="" id="category"><h5 _ngcontent-wkf-c236="" class="category"><span _ngcontent-wkf-c236="" class="txt ng-star-inserted">TOBLERONE</span><!----><!----></h5><eg-product-temperature-block _ngcontent-wkf-c236="" _nghost-wkf-c202=""><!----><!----></eg-product-temperature-block></div><div _ngcontent-wkf-c236="" class="title-wrapper"><a _ngcontent-wkf-c236=""><h3 _ngcontent-wkf-c236="" class="title">Toblerone au lait</h3><!----></a></div><p _ngcontent-wkf-c236="" class="text"> Portion de 50 g.<br _ngcontent-wkf-c236="" class="ng-star-inserted"><!----> Boite de 24 portions.<br _ngcontent-wkf-c236="" class="ng-star-inserted"><!----><!----><!----><!----></p><footer _ngcontent-wkf-c236=""><eg-gabarit-price _ngcontent-wkf-c236="" _nghost-wkf-c235="" class="ng-star-inserted"><div _ngcontent-wkf-c235="" class="price"> 24,16€ <!----></div><div _ngcontent-wkf-c235="" class="extra-wrapper"><div _ngcontent-wkf-c235="" class="extra"><div _ngcontent-wkf-c235=""><strong _ngcontent-wkf-c235=""><eg-product-trade-prices _ngcontent-wkf-c235="" _nghost-wkf-c155=""><div _ngcontent-wkf-c155="" class="prices-unity">Soit 20,13€ / kg </div><!----><div _ngcontent-wkf-c155="" class="prices-unity prices-other ng-star-inserted">Soit 1,01€ / portions </div><!----><!----></eg-product-trade-prices></strong> Code : 255999<br _ngcontent-wkf-c235=""></div></div><button _ngcontent-wkf-c235="" type="button" class="btn btn__icon__basic"><svg _ngcontent-wkf-c235="" xmlns="http://www.w3.org/2000/svg" viewBox="0 0 19 17.08" width="37" height="34"><path _ngcontent-wkf-c235="" d="M14.25,17.08a1.88,1.88,0,1,1,1.88-1.88A1.88,1.88,0,0,1,14.25,17.08Zm0-3.05a1.18,1.18,0,1,0,1.18,1.18A1.18,1.18,0,0,0,14.25,14Z"></path><path _ngcontent-wkf-c235="" d="M6.65,17.08A1.88,1.88,0,1,1,8.53,15.2,1.88,1.88,0,0,1,6.65,17.08Zm0-3.05A1.18,1.18,0,1,0,7.83,15.2,1.18,1.18,0,0,0,6.65,14Z"></path><path _ngcontent-wkf-c235="" d="M16.7,8.49,5.15,10,3.72,3H18Zm2.22-6a.41.41,0,0,0-.32-.15h-15l-.4-2c0-.15-.24-.31-.4-.31H.4A.37.37,0,0,0,0,.39.37.37,0,0,0,.4.77H2.45l1.9,9.42A2.77,2.77,0,0,0,7,12.35h9.1a.39.39,0,1,0,0-.77h-9a1.84,1.84,0,0,1-1.58-.85L17.1,9.19a.34.34,0,0,0,.32-.31L19,2.7A.37.37,0,0,0,18.92,2.47Z"></path></svg></button></div></eg-gabarit-price><!----></footer></div></div><!----></div><!----><!----><!----><!----><!----><!----></eg-gabarit-basic><!----><!----><eg-gabarit-basic _ngcontent-wkf-c237="" _nghost-wkf-c236="" id="masonry-item-2" class="ng-star-inserted"><div _ngcontent-wkf-c236="" ngxmasonryitem="" class="Confiserie gabarit gabarit__xs gabarit__xs__1 grid-item ng-star-inserted" style="position: absolute; left: 0px; top: 332.797px; opacity: 1; transition-property: opacity, transform; transition-duration: 0.4s; transition-delay: 0ms;"><div _ngcontent-wkf-c236="" class="wrapper ng-star-inserted"><!----><header _ngcontent-wkf-c236="" class="header"><img _ngcontent-wkf-c236="" class="hidded" src="https://cstatic.transgourmet.fr/tg-ecommerce/images/products/detail/203732.jpg"><a _ngcontent-wkf-c236=""><img _ngcontent-wkf-c236="" class="visuel ng-star-inserted" src="https://cstatic.transgourmet.fr/tg-ecommerce/images/products/detail/203732.jpg"><!----><!----><!----></a><eg-product-info-pictos _ngcontent-wkf-c236="" _nghost-wkf-c203=""><div _ngcontent-wkf-c203="" id="infos-special-pictos"><!----><!----></div></eg-product-info-pictos></header><div _ngcontent-wkf-c236="" class="body"><eg-products-info-top-cartouche _ngcontent-wkf-c236="" _nghost-wkf-c199="" class="ng-star-inserted"><div _ngcontent-wkf-c199="" id="infos-top" class="d-flex justify-content-end infos-top infos-top-body infos-top-cartouche ng-star-inserted"><div _ngcontent-wkf-c199="" id="infos-top__stripe" class="d-flex align-items-center justify-content-center infos-top__stripe"><img _ngcontent-wkf-c199="" src="assets/images/cartouche/promo.png"></div></div><!----></eg-products-info-top-cartouche><!----><div _ngcontent-wkf-c236="" class="labels"><div _ngcontent-wkf-c236="" class="labels-container"></div><eg-products-info-top-fide _ngcontent-wkf-c236="" _nghost-wkf-c200=""><!----></eg-products-info-top-fide></div><div _ngcontent-wkf-c236="" id="category"><h5 _ngcontent-wkf-c236="" class="category"><span _ngcontent-wkf-c236="" class="txt ng-star-inserted">KREMA</span><!----><!----></h5><eg-product-temperature-block _ngcontent-wkf-c236="" _nghost-wkf-c202=""><!----><!----></eg-product-temperature-block></div><div _ngcontent-wkf-c236="" class="title-wrapper"><a _ngcontent-wkf-c236=""><h3 _ngcontent-wkf-c236="" class="title">Krema regalad</h3><!----></a></div><p _ngcontent-wkf-c236="" class="text"> Par sachet de 2 kg.<br _ngcontent-wkf-c236="" class="ng-star-inserted"><!----> Colis de 6 sachets.<br _ngcontent-wkf-c236="" class="ng-star-inserted"><!----><!----><!----><!----></p><footer _ngcontent-wkf-c236=""><eg-gabarit-price _ngcontent-wkf-c236="" _nghost-wkf-c235="" class="ng-star-inserted"><div _ngcontent-wkf-c235="" class="price"> 14,00€ <!----></div><div _ngcontent-wkf-c235="" class="extra-wrapper"><div _ngcontent-wkf-c235="" class="extra"><div _ngcontent-wkf-c235=""><strong _ngcontent-wkf-c235=""><eg-product-trade-prices _ngcontent-wkf-c235="" _nghost-wkf-c155=""><div _ngcontent-wkf-c155="" class="prices-unity">Soit 7,00€ / kg </div><!----><!----><!----></eg-product-trade-prices></strong> Code : 246106<br _ngcontent-wkf-c235=""></div></div><button _ngcontent-wkf-c235="" type="button" class="btn btn__icon__basic"><svg _ngcontent-wkf-c235="" xmlns="http://www.w3.org/2000/svg" viewBox="0 0 19 17.08" width="37" height="34"><path _ngcontent-wkf-c235="" d="M14.25,17.08a1.88,1.88,0,1,1,1.88-1.88A1.88,1.88,0,0,1,14.25,17.08Zm0-3.05a1.18,1.18,0,1,0,1.18,1.18A1.18,1.18,0,0,0,14.25,14Z"></path><path _ngcontent-wkf-c235="" d="M6.65,17.08A1.88,1.88,0,1,1,8.53,15.2,1.88,1.88,0,0,1,6.65,17.08Zm0-3.05A1.18,1.18,0,1,0,7.83,15.2,1.18,1.18,0,0,0,6.65,14Z"></path><path _ngcontent-wkf-c235="" d="M16.7,8.49,5.15,10,3.72,3H18Zm2.22-6a.41.41,0,0,0-.32-.15h-15l-.4-2c0-.15-.24-.31-.4-.31H.4A.37.37,0,0,0,0,.39.37.37,0,0,0,.4.77H2.45l1.9,9.42A2.77,2.77,0,0,0,7,12.35h9.1a.39.39,0,1,0,0-.77h-9a1.84,1.84,0,0,1-1.58-.85L17.1,9.19a.34.34,0,0,0,.32-.31L19,2.7A.37.37,0,0,0,18.92,2.47Z"></path></svg></button></div></eg-gabarit-price><!----></footer></div></div><!----></div><!----><!----><!----><!----><!----><!----></eg-gabarit-basic><!----><!----><eg-gabarit-basic _ngcontent-wkf-c237="" _nghost-wkf-c236="" id="masonry-item-3" class="ng-star-inserted"><div _ngcontent-wkf-c236="" ngxmasonryitem="" class="Confiserie gabarit gabarit__xs gabarit__xs__1 grid-item ng-star-inserted" style="position: absolute; left: 201px; top: 383.406px; opacity: 1; transition-property: opacity, transform; transition-duration: 0.4s; transition-delay: 0ms;"><div _ngcontent-wkf-c236="" class="wrapper ng-star-inserted"><!----><header _ngcontent-wkf-c236="" class="header"><img _ngcontent-wkf-c236="" class="hidded" src="https://cstatic.transgourmet.fr/tg-ecommerce/images/products/detail/255386.jpg"><a _ngcontent-wkf-c236=""><img _ngcontent-wkf-c236="" class="visuel ng-star-inserted" src="https://cstatic.transgourmet.fr/tg-ecommerce/images/products/detail/255386.jpg"><!----><!----><!----></a><eg-product-info-pictos _ngcontent-wkf-c236="" _nghost-wkf-c203=""><div _ngcontent-wkf-c203="" id="infos-special-pictos"><img _ngcontent-wkf-c203="" alt="veggie" src="assets/images/picto-veggie-web-blanc.png" class="ng-star-inserted"><!----><!----></div></eg-product-info-pictos></header><div _ngcontent-wkf-c236="" class="body"><eg-products-info-top-cartouche _ngcontent-wkf-c236="" _nghost-wkf-c199="" class="ng-star-inserted"><div _ngcontent-wkf-c199="" id="infos-top" class="d-flex justify-content-end infos-top infos-top-body infos-top-cartouche ng-star-inserted"><div _ngcontent-wkf-c199="" id="infos-top__stripe" class="d-flex align-items-center justify-content-center infos-top__stripe"><img _ngcontent-wkf-c199="" src="assets/images/cartouche/promo.png"></div></div><!----></eg-products-info-top-cartouche><!----><div _ngcontent-wkf-c236="" class="labels"><div _ngcontent-wkf-c236="" class="labels-container"></div><eg-products-info-top-fide _ngcontent-wkf-c236="" _nghost-wkf-c200=""><div _ngcontent-wkf-c200="" id="info-top-fide" class="d-flex flex-row justify-content-end ng-star-inserted"><div _ngcontent-wkf-c200="" class="d-flex flex-row-reverse justify-content-between w-100"><div _ngcontent-wkf-c200="" class="order-2 points-gourmets ng-star-inserted" title="50 points /&nbsp;colis"><div _ngcontent-wkf-c200="" class="points">50</div><div _ngcontent-wkf-c200="" class="unit carre"><span _ngcontent-wkf-c200="">/&nbsp;colis</span></div><img _ngcontent-wkf-c200="" src="assets/images/points-gourmets.553b6337.jpg" alt=""></div><!----><!----></div></div><!----></eg-products-info-top-fide></div><div _ngcontent-wkf-c236="" id="category"><h5 _ngcontent-wkf-c236="" class="category"><span _ngcontent-wkf-c236="" class="txt ng-star-inserted">CHUPA CHUPS</span><!----><!----></h5><eg-product-temperature-block _ngcontent-wkf-c236="" _nghost-wkf-c202=""><!----><!----></eg-product-temperature-block></div><div _ngcontent-wkf-c236="" class="title-wrapper"><a _ngcontent-wkf-c236=""><h3 _ngcontent-wkf-c236="" class="title">Chupa chups roue 213 sucettes
classiques</h3><!----></a></div><p _ngcontent-wkf-c236="" class="text"> Portion de 12 g.<br _ngcontent-wkf-c236="" class="ng-star-inserted"><!----> Colis de 213 portions.<br _ngcontent-wkf-c236="" class="ng-star-inserted"><!----><!----><!----><!----></p><footer _ngcontent-wkf-c236=""><eg-gabarit-price _ngcontent-wkf-c236="" _nghost-wkf-c235="" class="ng-star-inserted"><div _ngcontent-wkf-c235="" class="price"> 40,47€ <!----></div><div _ngcontent-wkf-c235="" class="extra-wrapper"><div _ngcontent-wkf-c235="" class="extra"><div _ngcontent-wkf-c235=""><strong _ngcontent-wkf-c235=""><eg-product-trade-prices _ngcontent-wkf-c235="" _nghost-wkf-c155=""><div _ngcontent-wkf-c155="" class="prices-unity">Soit 15,83€ / kg </div><!----><div _ngcontent-wkf-c155="" class="prices-unity prices-other ng-star-inserted">Soit 0,19€ / portions </div><!----><!----></eg-product-trade-prices></strong> Code : 229767<br _ngcontent-wkf-c235=""></div></div><button _ngcontent-wkf-c235="" type="button" class="btn btn__icon__basic"><svg _ngcontent-wkf-c235="" xmlns="http://www.w3.org/2000/svg" viewBox="0 0 19 17.08" width="37" height="34"><path _ngcontent-wkf-c235="" d="M14.25,17.08a1.88,1.88,0,1,1,1.88-1.88A1.88,1.88,0,0,1,14.25,17.08Zm0-3.05a1.18,1.18,0,1,0,1.18,1.18A1.18,1.18,0,0,0,14.25,14Z"></path><path _ngcontent-wkf-c235="" d="M6.65,17.08A1.88,1.88,0,1,1,8.53,15.2,1.88,1.88,0,0,1,6.65,17.08Zm0-3.05A1.18,1.18,0,1,0,7.83,15.2,1.18,1.18,0,0,0,6.65,14Z"></path><path _ngcontent-wkf-c235="" d="M16.7,8.49,5.15,10,3.72,3H18Zm2.22-6a.41.41,0,0,0-.32-.15h-15l-.4-2c0-.15-.24-.31-.4-.31H.4A.37.37,0,0,0,0,.39.37.37,0,0,0,.4.77H2.45l1.9,9.42A2.77,2.77,0,0,0,7,12.35h9.1a.39.39,0,1,0,0-.77h-9a1.84,1.84,0,0,1-1.58-.85L17.1,9.19a.34.34,0,0,0,.32-.31L19,2.7A.37.37,0,0,0,18.92,2.47Z"></path></svg></button></div></eg-gabarit-price><!----></footer></div></div><!----></div><!----><!----><!----><!----><!----><!----></eg-gabarit-basic><!----><!----><eg-gabarit-basic _ngcontent-wkf-c237="" _nghost-wkf-c236="" id="masonry-item-4" class="ng-star-inserted"><div _ngcontent-wkf-c236="" ngxmasonryitem="" class="Confiserie gabarit gabarit__xs gabarit__xs__1 grid-item ng-star-inserted" style="position: absolute; left: 0px; top: 677.594px; opacity: 1; transition-property: opacity, transform; transition-duration: 0.4s; transition-delay: 0ms;"><div _ngcontent-wkf-c236="" class="wrapper ng-star-inserted"><eg-gabarit-cartouche _ngcontent-wkf-c236="" _nghost-wkf-c234="" class="ng-star-inserted"><div _ngcontent-wkf-c234="" class="top-bar top-bar__web ng-star-inserted"><div _ngcontent-wkf-c234="" class="editable-container"><div _ngcontent-wkf-c234="" class="editable-bg"><span _ngcontent-wkf-c234="" class="editable-overlay">Modifier le cartouche</span></div></div><div _ngcontent-wkf-c234="" class="bg-red ng-star-inserted"><div _ngcontent-wkf-c234="" class="top-bar--content"> prix<strong _ngcontent-wkf-c234="">exclu</strong>web </div></div><!----><!----><!----><div _ngcontent-wkf-c234="" class="top-bar--price"><div _ngcontent-wkf-c234="" class="d-inline-flex flex-middle"><div _ngcontent-wkf-c234="" class="unit">16</div><div _ngcontent-wkf-c234="" class="currency">€<br _ngcontent-wkf-c234="">2</div></div><div _ngcontent-wkf-c234="" class="quantify">Par portions</div></div></div><!----></eg-gabarit-cartouche><!----><header _ngcontent-wkf-c236="" class="header"><img _ngcontent-wkf-c236="" class="hidded" src="https://cstatic.transgourmet.fr/tg-ecommerce/images/products/detail/222915.jpg"><a _ngcontent-wkf-c236=""><img _ngcontent-wkf-c236="" class="visuel ng-star-inserted" src="https://cstatic.transgourmet.fr/tg-ecommerce/images/products/detail/222915.jpg"><!----><!----><!----></a><eg-product-info-pictos _ngcontent-wkf-c236="" _nghost-wkf-c203=""><div _ngcontent-wkf-c203="" id="infos-special-pictos"><img _ngcontent-wkf-c203="" alt="veggie" src="assets/images/picto-veggie-web-blanc.png" class="ng-star-inserted"><!----><!----></div></eg-product-info-pictos></header><div _ngcontent-wkf-c236="" class="body"><!----><div _ngcontent-wkf-c236="" class="labels"><div _ngcontent-wkf-c236="" class="labels-container"></div><eg-products-info-top-fide _ngcontent-wkf-c236="" _nghost-wkf-c200=""><!----></eg-products-info-top-fide></div><div _ngcontent-wkf-c236="" id="category"><h5 _ngcontent-wkf-c236="" class="category"><span _ngcontent-wkf-c236="" class="txt ng-star-inserted">CARAMBAR</span><!----><!----></h5><eg-product-temperature-block _ngcontent-wkf-c236="" _nghost-wkf-c202=""><!----><!----></eg-product-temperature-block></div><div _ngcontent-wkf-c236="" class="title-wrapper"><a _ngcontent-wkf-c236=""><h3 _ngcontent-wkf-c236="" class="title">Carambar caramel</h3><!----></a></div><p _ngcontent-wkf-c236="" class="text"> Portion de 8 g.<br _ngcontent-wkf-c236="" class="ng-star-inserted"><!----> Boite de 180 portions.<br _ngcontent-wkf-c236="" class="ng-star-inserted"><!----><!----><!----><!----></p><footer _ngcontent-wkf-c236=""><eg-gabarit-price _ngcontent-wkf-c236="" _nghost-wkf-c235="" class="ng-star-inserted"><div _ngcontent-wkf-c235="" class="price"> 16,20€ <!----></div><div _ngcontent-wkf-c235="" class="extra-wrapper"><div _ngcontent-wkf-c235="" class="extra"><div _ngcontent-wkf-c235=""><strong _ngcontent-wkf-c235=""><eg-product-trade-prices _ngcontent-wkf-c235="" _nghost-wkf-c155=""><div _ngcontent-wkf-c155="" class="prices-unity">Soit 11,25€ / kg </div><!----><div _ngcontent-wkf-c155="" class="prices-unity prices-other ng-star-inserted">Soit 0,09€ / portions </div><!----><!----></eg-product-trade-prices></strong> Code : 211623<br _ngcontent-wkf-c235=""></div></div><button _ngcontent-wkf-c235="" type="button" class="btn btn__icon__basic"><svg _ngcontent-wkf-c235="" xmlns="http://www.w3.org/2000/svg" viewBox="0 0 19 17.08" width="37" height="34"><path _ngcontent-wkf-c235="" d="M14.25,17.08a1.88,1.88,0,1,1,1.88-1.88A1.88,1.88,0,0,1,14.25,17.08Zm0-3.05a1.18,1.18,0,1,0,1.18,1.18A1.18,1.18,0,0,0,14.25,14Z"></path><path _ngcontent-wkf-c235="" d="M6.65,17.08A1.88,1.88,0,1,1,8.53,15.2,1.88,1.88,0,0,1,6.65,17.08Zm0-3.05A1.18,1.18,0,1,0,7.83,15.2,1.18,1.18,0,0,0,6.65,14Z"></path><path _ngcontent-wkf-c235="" d="M16.7,8.49,5.15,10,3.72,3H18Zm2.22-6a.41.41,0,0,0-.32-.15h-15l-.4-2c0-.15-.24-.31-.4-.31H.4A.37.37,0,0,0,0,.39.37.37,0,0,0,.4.77H2.45l1.9,9.42A2.77,2.77,0,0,0,7,12.35h9.1a.39.39,0,1,0,0-.77h-9a1.84,1.84,0,0,1-1.58-.85L17.1,9.19a.34.34,0,0,0,.32-.31L19,2.7A.37.37,0,0,0,18.92,2.47Z"></path></svg></button></div></eg-gabarit-price><!----></footer></div></div><!----></div><!----><!----><!----><!----><!----><!----></eg-gabarit-basic><!----><!----><eg-gabarit-basic _ngcontent-wkf-c237="" _nghost-wkf-c236="" id="masonry-item-5" class="ng-star-inserted"><div _ngcontent-wkf-c236="" ngxmasonryitem="" class="Confiserie gabarit gabarit__xs gabarit__xs__1 grid-item ng-star-inserted" style="position: absolute; left: 201px; top: 780.812px; opacity: 1; transition-property: opacity, transform; transition-duration: 0.4s; transition-delay: 0ms;"><div _ngcontent-wkf-c236="" class="wrapper ng-star-inserted"><!----><header _ngcontent-wkf-c236="" class="header"><img _ngcontent-wkf-c236="" class="hidded" src="https://cstatic.transgourmet.fr/tg-ecommerce/images/products/detail/253007.jpg"><a _ngcontent-wkf-c236=""><img _ngcontent-wkf-c236="" class="visuel ng-star-inserted" src="https://cstatic.transgourmet.fr/tg-ecommerce/images/products/detail/253007.jpg"><!----><!----><!----></a><eg-product-info-pictos _ngcontent-wkf-c236="" _nghost-wkf-c203=""><div _ngcontent-wkf-c203="" id="infos-special-pictos"><img _ngcontent-wkf-c203="" alt="veggie" src="assets/images/picto-veggie-web-blanc.png" class="ng-star-inserted"><!----><!----></div></eg-product-info-pictos></header><div _ngcontent-wkf-c236="" class="body"><eg-products-info-top-cartouche _ngcontent-wkf-c236="" _nghost-wkf-c199="" class="ng-star-inserted"><div _ngcontent-wkf-c199="" id="infos-top" class="d-flex justify-content-end infos-top infos-top-body infos-top-cartouche ng-star-inserted"><div _ngcontent-wkf-c199="" id="infos-top__stripe" class="d-flex align-items-center justify-content-center infos-top__stripe"><img _ngcontent-wkf-c199="" src="assets/images/cartouche/promo.png"></div></div><!----></eg-products-info-top-cartouche><!----><div _ngcontent-wkf-c236="" class="labels"><div _ngcontent-wkf-c236="" class="labels-container"></div><eg-products-info-top-fide _ngcontent-wkf-c236="" _nghost-wkf-c200=""><!----></eg-products-info-top-fide></div><div _ngcontent-wkf-c236="" id="category"><h5 _ngcontent-wkf-c236="" class="category"><span _ngcontent-wkf-c236="" class="txt ng-star-inserted">BOUNTY</span><!----><!----></h5><eg-product-temperature-block _ngcontent-wkf-c236="" _nghost-wkf-c202=""><!----><!----></eg-product-temperature-block></div><div _ngcontent-wkf-c236="" class="title-wrapper"><a _ngcontent-wkf-c236=""><h3 _ngcontent-wkf-c236="" class="title">Bounty de 57 g</h3><!----></a></div><p _ngcontent-wkf-c236="" class="text"> Portion de 57 g.<br _ngcontent-wkf-c236="" class="ng-star-inserted"><!----> Boite de 24 portions.<br _ngcontent-wkf-c236="" class="ng-star-inserted"><!----><!----><!----><!----></p><footer _ngcontent-wkf-c236=""><eg-gabarit-price _ngcontent-wkf-c236="" _nghost-wkf-c235="" class="ng-star-inserted"><div _ngcontent-wkf-c235="" class="price"> 12,96€ <!----></div><div _ngcontent-wkf-c235="" class="extra-wrapper"><div _ngcontent-wkf-c235="" class="extra"><div _ngcontent-wkf-c235=""><strong _ngcontent-wkf-c235=""><eg-product-trade-prices _ngcontent-wkf-c235="" _nghost-wkf-c155=""><div _ngcontent-wkf-c155="" class="prices-unity">Soit 9,47€ / kg </div><!----><div _ngcontent-wkf-c155="" class="prices-unity prices-other ng-star-inserted">Soit 0,54€ / portions </div><!----><!----></eg-product-trade-prices></strong> Code : 102241<br _ngcontent-wkf-c235=""></div></div><button _ngcontent-wkf-c235="" type="button" class="btn btn__icon__basic"><svg _ngcontent-wkf-c235="" xmlns="http://www.w3.org/2000/svg" viewBox="0 0 19 17.08" width="37" height="34"><path _ngcontent-wkf-c235="" d="M14.25,17.08a1.88,1.88,0,1,1,1.88-1.88A1.88,1.88,0,0,1,14.25,17.08Zm0-3.05a1.18,1.18,0,1,0,1.18,1.18A1.18,1.18,0,0,0,14.25,14Z"></path><path _ngcontent-wkf-c235="" d="M6.65,17.08A1.88,1.88,0,1,1,8.53,15.2,1.88,1.88,0,0,1,6.65,17.08Zm0-3.05A1.18,1.18,0,1,0,7.83,15.2,1.18,1.18,0,0,0,6.65,14Z"></path><path _ngcontent-wkf-c235="" d="M16.7,8.49,5.15,10,3.72,3H18Zm2.22-6a.41.41,0,0,0-.32-.15h-15l-.4-2c0-.15-.24-.31-.4-.31H.4A.37.37,0,0,0,0,.39.37.37,0,0,0,.4.77H2.45l1.9,9.42A2.77,2.77,0,0,0,7,12.35h9.1a.39.39,0,1,0,0-.77h-9a1.84,1.84,0,0,1-1.58-.85L17.1,9.19a.34.34,0,0,0,.32-.31L19,2.7A.37.37,0,0,0,18.92,2.47Z"></path></svg></button></div></eg-gabarit-price><!----></footer></div></div><!----></div><!----><!----><!----><!----><!----><!----></eg-gabarit-basic><!----><!----><eg-gabarit-basic _ngcontent-wkf-c237="" _nghost-wkf-c236="" id="masonry-item-6" class="ng-star-inserted"><div _ngcontent-wkf-c236="" ngxmasonryitem="" class="Confiserie gabarit gabarit__xs gabarit__xs__1 grid-item ng-star-inserted" style="position: absolute; left: 0px; top: 1133.03px; opacity: 1; transition-property: opacity, transform; transition-duration: 0.4s; transition-delay: 0ms;"><div _ngcontent-wkf-c236="" class="wrapper ng-star-inserted"><eg-gabarit-cartouche _ngcontent-wkf-c236="" _nghost-wkf-c234="" class="ng-star-inserted"><div _ngcontent-wkf-c234="" class="top-bar top-bar__web ng-star-inserted"><div _ngcontent-wkf-c234="" class="editable-container"><div _ngcontent-wkf-c234="" class="editable-bg"><span _ngcontent-wkf-c234="" class="editable-overlay">Modifier le cartouche</span></div></div><div _ngcontent-wkf-c234="" class="bg-red ng-star-inserted"><div _ngcontent-wkf-c234="" class="top-bar--content"> prix<strong _ngcontent-wkf-c234="">exclu</strong>web </div></div><!----><!----><!----><div _ngcontent-wkf-c234="" class="top-bar--price"><div _ngcontent-wkf-c234="" class="d-inline-flex flex-middle"><div _ngcontent-wkf-c234="" class="unit">15</div><div _ngcontent-wkf-c234="" class="currency">€<br _ngcontent-wkf-c234="">84</div></div><div _ngcontent-wkf-c234="" class="quantify">Par portions</div></div></div><!----></eg-gabarit-cartouche><!----><header _ngcontent-wkf-c236="" class="header"><img _ngcontent-wkf-c236="" class="hidded" src="https://cstatic.transgourmet.fr/tg-ecommerce/images/products/detail/213982.jpg"><a _ngcontent-wkf-c236=""><img _ngcontent-wkf-c236="" class="visuel ng-star-inserted" src="https://cstatic.transgourmet.fr/tg-ecommerce/images/products/detail/213982.jpg"><!----><!----><!----></a><eg-product-info-pictos _ngcontent-wkf-c236="" _nghost-wkf-c203=""><div _ngcontent-wkf-c203="" id="infos-special-pictos"><img _ngcontent-wkf-c203="" alt="veggie" src="assets/images/picto-veggie-web-blanc.png" class="ng-star-inserted"><!----><!----></div></eg-product-info-pictos></header><div _ngcontent-wkf-c236="" class="body"><!----><div _ngcontent-wkf-c236="" class="labels"><div _ngcontent-wkf-c236="" class="labels-container"></div><eg-products-info-top-fide _ngcontent-wkf-c236="" _nghost-wkf-c200=""><!----></eg-products-info-top-fide></div><div _ngcontent-wkf-c236="" id="category"><h5 _ngcontent-wkf-c236="" class="category"><span _ngcontent-wkf-c236="" class="txt ng-star-inserted">TWIX</span><!----><!----></h5><eg-product-temperature-block _ngcontent-wkf-c236="" _nghost-wkf-c202=""><!----><!----></eg-product-temperature-block></div><div _ngcontent-wkf-c236="" class="title-wrapper"><a _ngcontent-wkf-c236=""><h3 _ngcontent-wkf-c236="" class="title">Twix</h3><!----></a></div><p _ngcontent-wkf-c236="" class="text"> Portion de 50 g.<br _ngcontent-wkf-c236="" class="ng-star-inserted"><!----> Boite de 32 portions.<br _ngcontent-wkf-c236="" class="ng-star-inserted"><!----><!----><!----><!----></p><footer _ngcontent-wkf-c236=""><eg-gabarit-price _ngcontent-wkf-c236="" _nghost-wkf-c235="" class="ng-star-inserted"><div _ngcontent-wkf-c235="" class="price"> 15,84€ <!----></div><div _ngcontent-wkf-c235="" class="extra-wrapper"><div _ngcontent-wkf-c235="" class="extra"><div _ngcontent-wkf-c235=""><strong _ngcontent-wkf-c235=""><eg-product-trade-prices _ngcontent-wkf-c235="" _nghost-wkf-c155=""><div _ngcontent-wkf-c155="" class="prices-unity">Soit 9,90€ / kg </div><!----><div _ngcontent-wkf-c155="" class="prices-unity prices-other ng-star-inserted">Soit 0,50€ / portions </div><!----><!----></eg-product-trade-prices></strong> Code : 102238<br _ngcontent-wkf-c235=""></div></div><button _ngcontent-wkf-c235="" type="button" class="btn btn__icon__basic"><svg _ngcontent-wkf-c235="" xmlns="http://www.w3.org/2000/svg" viewBox="0 0 19 17.08" width="37" height="34"><path _ngcontent-wkf-c235="" d="M14.25,17.08a1.88,1.88,0,1,1,1.88-1.88A1.88,1.88,0,0,1,14.25,17.08Zm0-3.05a1.18,1.18,0,1,0,1.18,1.18A1.18,1.18,0,0,0,14.25,14Z"></path><path _ngcontent-wkf-c235="" d="M6.65,17.08A1.88,1.88,0,1,1,8.53,15.2,1.88,1.88,0,0,1,6.65,17.08Zm0-3.05A1.18,1.18,0,1,0,7.83,15.2,1.18,1.18,0,0,0,6.65,14Z"></path><path _ngcontent-wkf-c235="" d="M16.7,8.49,5.15,10,3.72,3H18Zm2.22-6a.41.41,0,0,0-.32-.15h-15l-.4-2c0-.15-.24-.31-.4-.31H.4A.37.37,0,0,0,0,.39.37.37,0,0,0,.4.77H2.45l1.9,9.42A2.77,2.77,0,0,0,7,12.35h9.1a.39.39,0,1,0,0-.77h-9a1.84,1.84,0,0,1-1.58-.85L17.1,9.19a.34.34,0,0,0,.32-.31L19,2.7A.37.37,0,0,0,18.92,2.47Z"></path></svg></button></div></eg-gabarit-price><!----></footer></div></div><!----></div><!----><!----><!----><!----><!----><!----></eg-gabarit-basic><!----><!----><eg-gabarit-basic _ngcontent-wkf-c237="" _nghost-wkf-c236="" id="masonry-item-7" class="ng-star-inserted"><div _ngcontent-wkf-c236="" ngxmasonryitem="" class="Confiserie gabarit gabarit__xs gabarit__xs__1 grid-item ng-star-inserted" style="position: absolute; left: 201px; top: 1125.61px; opacity: 1; transition-property: opacity, transform; transition-duration: 0.4s; transition-delay: 0ms;"><div _ngcontent-wkf-c236="" class="wrapper ng-star-inserted"><!----><header _ngcontent-wkf-c236="" class="header"><img _ngcontent-wkf-c236="" class="hidded" src="https://cstatic.transgourmet.fr/tg-ecommerce/images/products/detail/212530.jpg"><a _ngcontent-wkf-c236=""><img _ngcontent-wkf-c236="" class="visuel ng-star-inserted" src="https://cstatic.transgourmet.fr/tg-ecommerce/images/products/detail/212530.jpg"><!----><!----><!----></a><eg-product-info-pictos _ngcontent-wkf-c236="" _nghost-wkf-c203=""><div _ngcontent-wkf-c203="" id="infos-special-pictos"><img _ngcontent-wkf-c203="" alt="veggie" src="assets/images/picto-veggie-web-blanc.png" class="ng-star-inserted"><!----><!----></div></eg-product-info-pictos></header><div _ngcontent-wkf-c236="" class="body"><eg-products-info-top-cartouche _ngcontent-wkf-c236="" _nghost-wkf-c199="" class="ng-star-inserted"><div _ngcontent-wkf-c199="" id="infos-top" class="d-flex justify-content-end infos-top infos-top-body infos-top-cartouche ng-star-inserted"><div _ngcontent-wkf-c199="" id="infos-top__stripe" class="d-flex align-items-center justify-content-center infos-top__stripe"><img _ngcontent-wkf-c199="" src="assets/images/cartouche/promo.png"></div></div><!----></eg-products-info-top-cartouche><!----><div _ngcontent-wkf-c236="" class="labels"><div _ngcontent-wkf-c236="" class="labels-container"></div><eg-products-info-top-fide _ngcontent-wkf-c236="" _nghost-wkf-c200=""><div _ngcontent-wkf-c200="" id="info-top-fide" class="d-flex flex-row justify-content-end ng-star-inserted"><div _ngcontent-wkf-c200="" class="d-flex flex-row-reverse justify-content-between w-100"><div _ngcontent-wkf-c200="" class="order-2 points-gourmets ng-star-inserted" title="15 points /&nbsp;boite"><div _ngcontent-wkf-c200="" class="points">15</div><div _ngcontent-wkf-c200="" class="unit carre"><span _ngcontent-wkf-c200="">/&nbsp;boite</span></div><img _ngcontent-wkf-c200="" src="assets/images/points-gourmets.553b6337.jpg" alt=""></div><!----><!----></div></div><!----></eg-products-info-top-fide></div><div _ngcontent-wkf-c236="" id="category"><h5 _ngcontent-wkf-c236="" class="category"><span _ngcontent-wkf-c236="" class="txt ng-star-inserted">SNICKERS</span><!----><!----></h5><eg-product-temperature-block _ngcontent-wkf-c236="" _nghost-wkf-c202=""><!----><!----></eg-product-temperature-block></div><div _ngcontent-wkf-c236="" class="title-wrapper"><a _ngcontent-wkf-c236=""><h3 _ngcontent-wkf-c236="" class="title">Snickers de 50 g</h3><!----></a></div><p _ngcontent-wkf-c236="" class="text"> Portion de 50 g.<br _ngcontent-wkf-c236="" class="ng-star-inserted"><!----> Boite de 32 portions.<br _ngcontent-wkf-c236="" class="ng-star-inserted"><!----><!----><!----><!----></p><footer _ngcontent-wkf-c236=""><eg-gabarit-price _ngcontent-wkf-c236="" _nghost-wkf-c235="" class="ng-star-inserted"><div _ngcontent-wkf-c235="" class="price"> 17,60€ <!----></div><div _ngcontent-wkf-c235="" class="extra-wrapper"><div _ngcontent-wkf-c235="" class="extra"><div _ngcontent-wkf-c235=""><strong _ngcontent-wkf-c235=""><eg-product-trade-prices _ngcontent-wkf-c235="" _nghost-wkf-c155=""><div _ngcontent-wkf-c155="" class="prices-unity">Soit 11,00€ / kg </div><!----><div _ngcontent-wkf-c155="" class="prices-unity prices-other ng-star-inserted">Soit 0,55€ / portions </div><!----><!----></eg-product-trade-prices></strong> Code : 102237<br _ngcontent-wkf-c235=""></div></div><button _ngcontent-wkf-c235="" type="button" class="btn btn__icon__basic"><svg _ngcontent-wkf-c235="" xmlns="http://www.w3.org/2000/svg" viewBox="0 0 19 17.08" width="37" height="34"><path _ngcontent-wkf-c235="" d="M14.25,17.08a1.88,1.88,0,1,1,1.88-1.88A1.88,1.88,0,0,1,14.25,17.08Zm0-3.05a1.18,1.18,0,1,0,1.18,1.18A1.18,1.18,0,0,0,14.25,14Z"></path><path _ngcontent-wkf-c235="" d="M6.65,17.08A1.88,1.88,0,1,1,8.53,15.2,1.88,1.88,0,0,1,6.65,17.08Zm0-3.05A1.18,1.18,0,1,0,7.83,15.2,1.18,1.18,0,0,0,6.65,14Z"></path><path _ngcontent-wkf-c235="" d="M16.7,8.49,5.15,10,3.72,3H18Zm2.22-6a.41.41,0,0,0-.32-.15h-15l-.4-2c0-.15-.24-.31-.4-.31H.4A.37.37,0,0,0,0,.39.37.37,0,0,0,.4.77H2.45l1.9,9.42A2.77,2.77,0,0,0,7,12.35h9.1a.39.39,0,1,0,0-.77h-9a1.84,1.84,0,0,1-1.58-.85L17.1,9.19a.34.34,0,0,0,.32-.31L19,2.7A.37.37,0,0,0,18.92,2.47Z"></path></svg></button></div></eg-gabarit-price><!----></footer></div></div><!----></div><!----><!----><!----><!----><!----><!----></eg-gabarit-basic><!----><!----><eg-gabarit-basic _ngcontent-wkf-c237="" _nghost-wkf-c236="" id="masonry-item-8" class="ng-star-inserted"><div _ngcontent-wkf-c236="" ngxmasonryitem="" class="Confiserie gabarit gabarit__xs gabarit__xs__1 grid-item ng-star-inserted" style="position: absolute; left: 0px; top: 1588.47px; opacity: 1; transition-property: opacity, transform; transition-duration: 0.4s; transition-delay: 0ms;"><div _ngcontent-wkf-c236="" class="wrapper ng-star-inserted"><!----><header _ngcontent-wkf-c236="" class="header"><img _ngcontent-wkf-c236="" class="hidded" src="https://cstatic.transgourmet.fr/tg-ecommerce/images/products/detail/224396.jpg"><a _ngcontent-wkf-c236=""><img _ngcontent-wkf-c236="" class="visuel ng-star-inserted" src="https://cstatic.transgourmet.fr/tg-ecommerce/images/products/detail/224396.jpg"><!----><!----><!----></a><eg-product-info-pictos _ngcontent-wkf-c236="" _nghost-wkf-c203=""><div _ngcontent-wkf-c203="" id="infos-special-pictos"><img _ngcontent-wkf-c203="" alt="veggie" src="assets/images/picto-veggie-web-blanc.png" class="ng-star-inserted"><!----><!----></div></eg-product-info-pictos></header><div _ngcontent-wkf-c236="" class="body"><eg-products-info-top-cartouche _ngcontent-wkf-c236="" _nghost-wkf-c199="" class="ng-star-inserted"><div _ngcontent-wkf-c199="" id="infos-top" class="d-flex justify-content-end infos-top infos-top-body infos-top-cartouche ng-star-inserted"><div _ngcontent-wkf-c199="" id="infos-top__stripe" class="d-flex align-items-center justify-content-center infos-top__stripe"><img _ngcontent-wkf-c199="" src="assets/images/cartouche/promo.png"></div></div><!----></eg-products-info-top-cartouche><!----><div _ngcontent-wkf-c236="" class="labels"><div _ngcontent-wkf-c236="" class="labels-container"></div><eg-products-info-top-fide _ngcontent-wkf-c236="" _nghost-wkf-c200=""><!----></eg-products-info-top-fide></div><div _ngcontent-wkf-c236="" id="category"><h5 _ngcontent-wkf-c236="" class="category"><span _ngcontent-wkf-c236="" class="txt ng-star-inserted">KINDER</span><!----><!----></h5><eg-product-temperature-block _ngcontent-wkf-c236="" _nghost-wkf-c202=""><!----><!----></eg-product-temperature-block></div><div _ngcontent-wkf-c236="" class="title-wrapper"><a _ngcontent-wkf-c236=""><h3 _ngcontent-wkf-c236="" class="title">Kinder Bueno white
pack de 2 barres</h3><!----></a></div><p _ngcontent-wkf-c236="" class="text"> Portion de 39 g.<br _ngcontent-wkf-c236="" class="ng-star-inserted"><!----> Présentoir de 30 portions.<br _ngcontent-wkf-c236="" class="ng-star-inserted"><!----><!----><!----><!----></p><footer _ngcontent-wkf-c236=""><eg-gabarit-price _ngcontent-wkf-c236="" _nghost-wkf-c235="" class="ng-star-inserted"><div _ngcontent-wkf-c235="" class="price"> 23,10€ <!----></div><div _ngcontent-wkf-c235="" class="extra-wrapper"><div _ngcontent-wkf-c235="" class="extra"><div _ngcontent-wkf-c235=""><strong _ngcontent-wkf-c235=""><eg-product-trade-prices _ngcontent-wkf-c235="" _nghost-wkf-c155=""><div _ngcontent-wkf-c155="" class="prices-unity">Soit 19,74€ / kg </div><!----><div _ngcontent-wkf-c155="" class="prices-unity prices-other ng-star-inserted">Soit 0,77€ / portions </div><!----><!----></eg-product-trade-prices></strong> Code : 950423<br _ngcontent-wkf-c235=""></div></div><button _ngcontent-wkf-c235="" type="button" class="btn btn__icon__basic"><svg _ngcontent-wkf-c235="" xmlns="http://www.w3.org/2000/svg" viewBox="0 0 19 17.08" width="37" height="34"><path _ngcontent-wkf-c235="" d="M14.25,17.08a1.88,1.88,0,1,1,1.88-1.88A1.88,1.88,0,0,1,14.25,17.08Zm0-3.05a1.18,1.18,0,1,0,1.18,1.18A1.18,1.18,0,0,0,14.25,14Z"></path><path _ngcontent-wkf-c235="" d="M6.65,17.08A1.88,1.88,0,1,1,8.53,15.2,1.88,1.88,0,0,1,6.65,17.08Zm0-3.05A1.18,1.18,0,1,0,7.83,15.2,1.18,1.18,0,0,0,6.65,14Z"></path><path _ngcontent-wkf-c235="" d="M16.7,8.49,5.15,10,3.72,3H18Zm2.22-6a.41.41,0,0,0-.32-.15h-15l-.4-2c0-.15-.24-.31-.4-.31H.4A.37.37,0,0,0,0,.39.37.37,0,0,0,.4.77H2.45l1.9,9.42A2.77,2.77,0,0,0,7,12.35h9.1a.39.39,0,1,0,0-.77h-9a1.84,1.84,0,0,1-1.58-.85L17.1,9.19a.34.34,0,0,0,.32-.31L19,2.7A.37.37,0,0,0,18.92,2.47Z"></path></svg></button></div></eg-gabarit-price><!----></footer></div></div><!----></div><!----><!----><!----><!----><!----><!----></eg-gabarit-basic><!----><!----><eg-gabarit-basic _ngcontent-wkf-c237="" _nghost-wkf-c236="" id="masonry-item-9" class="ng-star-inserted"><div _ngcontent-wkf-c236="" ngxmasonryitem="" class="Confiserie gabarit gabarit__xs gabarit__xs__1 grid-item ng-star-inserted" style="position: absolute; left: 201px; top: 1509.01px; opacity: 1; transition-property: opacity, transform; transition-duration: 0.4s; transition-delay: 0ms;"><div _ngcontent-wkf-c236="" class="wrapper ng-star-inserted"><!----><header _ngcontent-wkf-c236="" class="header"><img _ngcontent-wkf-c236="" class="hidded" src="https://cstatic.transgourmet.fr/tg-ecommerce/images/products/detail/215520.jpg"><a _ngcontent-wkf-c236=""><img _ngcontent-wkf-c236="" class="visuel ng-star-inserted" src="https://cstatic.transgourmet.fr/tg-ecommerce/images/products/detail/215520.jpg"><!----><!----><!----></a><eg-product-info-pictos _ngcontent-wkf-c236="" _nghost-wkf-c203=""><div _ngcontent-wkf-c203="" id="infos-special-pictos"><img _ngcontent-wkf-c203="" alt="veggie" src="assets/images/picto-veggie-web-blanc.png" class="ng-star-inserted"><!----><!----></div></eg-product-info-pictos></header><div _ngcontent-wkf-c236="" class="body"><eg-products-info-top-cartouche _ngcontent-wkf-c236="" _nghost-wkf-c199="" class="ng-star-inserted"><div _ngcontent-wkf-c199="" id="infos-top" class="d-flex justify-content-end infos-top infos-top-body infos-top-cartouche ng-star-inserted"><div _ngcontent-wkf-c199="" id="infos-top__stripe" class="d-flex align-items-center justify-content-center infos-top__stripe"><img _ngcontent-wkf-c199="" src="assets/images/cartouche/promo.png"></div></div><!----></eg-products-info-top-cartouche><!----><div _ngcontent-wkf-c236="" class="labels"><div _ngcontent-wkf-c236="" class="labels-container"></div><eg-products-info-top-fide _ngcontent-wkf-c236="" _nghost-wkf-c200=""><div _ngcontent-wkf-c200="" id="info-top-fide" class="d-flex flex-row justify-content-end ng-star-inserted"><div _ngcontent-wkf-c200="" class="d-flex flex-row-reverse justify-content-between w-100"><div _ngcontent-wkf-c200="" class="order-2 points-gourmets ng-star-inserted" title="10 points /&nbsp;boite"><div _ngcontent-wkf-c200="" class="points">10</div><div _ngcontent-wkf-c200="" class="unit carre"><span _ngcontent-wkf-c200="">/&nbsp;boite</span></div><img _ngcontent-wkf-c200="" src="assets/images/points-gourmets.553b6337.jpg" alt=""></div><!----><!----></div></div><!----></eg-products-info-top-fide></div><div _ngcontent-wkf-c236="" id="category"><h5 _ngcontent-wkf-c236="" class="category"><span _ngcontent-wkf-c236="" class="txt ng-star-inserted">LION</span><!----><!----></h5><eg-product-temperature-block _ngcontent-wkf-c236="" _nghost-wkf-c202=""><!----><!----></eg-product-temperature-block></div><div _ngcontent-wkf-c236="" class="title-wrapper"><a _ngcontent-wkf-c236=""><h3 _ngcontent-wkf-c236="" class="title">Lion</h3><!----></a></div><p _ngcontent-wkf-c236="" class="text"> Portion de 42 g.<br _ngcontent-wkf-c236="" class="ng-star-inserted"><!----> Boite de 24 portions.<br _ngcontent-wkf-c236="" class="ng-star-inserted"><!----><!----><!----><!----></p><footer _ngcontent-wkf-c236=""><eg-gabarit-price _ngcontent-wkf-c236="" _nghost-wkf-c235="" class="ng-star-inserted"><div _ngcontent-wkf-c235="" class="price"> 11,76€ <!----></div><div _ngcontent-wkf-c235="" class="extra-wrapper"><div _ngcontent-wkf-c235="" class="extra"><div _ngcontent-wkf-c235=""><strong _ngcontent-wkf-c235=""><eg-product-trade-prices _ngcontent-wkf-c235="" _nghost-wkf-c155=""><div _ngcontent-wkf-c155="" class="prices-unity">Soit 11,67€ / kg </div><!----><div _ngcontent-wkf-c155="" class="prices-unity prices-other ng-star-inserted">Soit 0,49€ / portions </div><!----><!----></eg-product-trade-prices></strong> Code : 833432<br _ngcontent-wkf-c235=""></div></div><button _ngcontent-wkf-c235="" type="button" class="btn btn__icon__basic"><svg _ngcontent-wkf-c235="" xmlns="http://www.w3.org/2000/svg" viewBox="0 0 19 17.08" width="37" height="34"><path _ngcontent-wkf-c235="" d="M14.25,17.08a1.88,1.88,0,1,1,1.88-1.88A1.88,1.88,0,0,1,14.25,17.08Zm0-3.05a1.18,1.18,0,1,0,1.18,1.18A1.18,1.18,0,0,0,14.25,14Z"></path><path _ngcontent-wkf-c235="" d="M6.65,17.08A1.88,1.88,0,1,1,8.53,15.2,1.88,1.88,0,0,1,6.65,17.08Zm0-3.05A1.18,1.18,0,1,0,7.83,15.2,1.18,1.18,0,0,0,6.65,14Z"></path><path _ngcontent-wkf-c235="" d="M16.7,8.49,5.15,10,3.72,3H18Zm2.22-6a.41.41,0,0,0-.32-.15h-15l-.4-2c0-.15-.24-.31-.4-.31H.4A.37.37,0,0,0,0,.39.37.37,0,0,0,.4.77H2.45l1.9,9.42A2.77,2.77,0,0,0,7,12.35h9.1a.39.39,0,1,0,0-.77h-9a1.84,1.84,0,0,1-1.58-.85L17.1,9.19a.34.34,0,0,0,.32-.31L19,2.7A.37.37,0,0,0,18.92,2.47Z"></path></svg></button></div></eg-gabarit-price><!----></footer></div></div><!----></div><!----><!----><!----><!----><!----><!----></eg-gabarit-basic><!----><!----><!----></ngx-masonry><!----></div><!----></div><!----><!----><div _ngcontent-wkf-c237="" class="container container__catalogue ng-star-inserted"><div _ngcontent-wkf-c237="" class="ng-star-inserted"><div _ngcontent-wkf-c237="" class="title__catalogue"><h2 _ngcontent-wkf-c237="" class="text">Emballages Décors Matériel</h2><div _ngcontent-wkf-c237="" class="badge_catalogue">34 produits</div></div><ngx-masonry _ngcontent-wkf-c237="" _nghost-wkf-c142="" class="ng-star-inserted" style="position: relative; height: 5143.84px;"><eg-gabarit-basic _ngcontent-wkf-c237="" _nghost-wkf-c236="" id="masonry-item-0" class="ng-star-inserted"><div _ngcontent-wkf-c236="" ngxmasonryitem="" class="Décors Emballages Matériel gabarit gabarit__xs gabarit__xs__1 grid-item ng-star-inserted" style="position: absolute; left: 0px; top: 0px; opacity: 1; transition-property: opacity, transform; transition-duration: 0.4s; transition-delay: 0ms;"><div _ngcontent-wkf-c236="" class="wrapper ng-star-inserted"><!----><header _ngcontent-wkf-c236="" class="header"><img _ngcontent-wkf-c236="" class="hidded" src="https://cstatic.transgourmet.fr/tg-ecommerce/images/products/detail/257799.jpg"><a _ngcontent-wkf-c236=""><img _ngcontent-wkf-c236="" class="visuel ng-star-inserted" src="https://cstatic.transgourmet.fr/tg-ecommerce/images/products/detail/257799.jpg"><!----><!----><!----></a><eg-product-info-pictos _ngcontent-wkf-c236="" _nghost-wkf-c203=""><div _ngcontent-wkf-c203="" id="infos-special-pictos"><!----><!----></div></eg-product-info-pictos></header><div _ngcontent-wkf-c236="" class="body"><eg-products-info-top-cartouche _ngcontent-wkf-c236="" _nghost-wkf-c199="" class="ng-star-inserted"><div _ngcontent-wkf-c199="" id="infos-top" class="d-flex justify-content-end infos-top infos-top-body infos-top-cartouche ng-star-inserted"><div _ngcontent-wkf-c199="" id="infos-top__stripe" class="d-flex align-items-center justify-content-center infos-top__stripe"><img _ngcontent-wkf-c199="" src="assets/images/cartouche/promo.png"></div></div><!----></eg-products-info-top-cartouche><!----><div _ngcontent-wkf-c236="" class="labels"><div _ngcontent-wkf-c236="" class="labels-container"></div><eg-products-info-top-fide _ngcontent-wkf-c236="" _nghost-wkf-c200=""><!----></eg-products-info-top-fide></div><div _ngcontent-wkf-c236="" id="category"><h5 _ngcontent-wkf-c236="" class="category"><!----><!----></h5><eg-product-temperature-block _ngcontent-wkf-c236="" _nghost-wkf-c202=""><!----><!----></eg-product-temperature-block></div><div _ngcontent-wkf-c236="" class="title-wrapper"><a _ngcontent-wkf-c236=""><h3 _ngcontent-wkf-c236="" class="title">Kit couverts 4 en 1 inox</h3><!----></a></div><p _ngcontent-wkf-c236="" class="text"> Colis de 500 portions.<br _ngcontent-wkf-c236="" class="ng-star-inserted"><!----><!----><!----><!----></p><footer _ngcontent-wkf-c236=""><eg-gabarit-price _ngcontent-wkf-c236="" _nghost-wkf-c235="" class="ng-star-inserted"><div _ngcontent-wkf-c235="" class="price"> 395,00€ <!----></div><div _ngcontent-wkf-c235="" class="extra-wrapper"><div _ngcontent-wkf-c235="" class="extra"><div _ngcontent-wkf-c235=""><strong _ngcontent-wkf-c235=""><eg-product-trade-prices _ngcontent-wkf-c235="" _nghost-wkf-c155=""><div _ngcontent-wkf-c155="" class="prices-unity">Soit 395,00€ / PC </div><!----><div _ngcontent-wkf-c155="" class="prices-unity prices-other ng-star-inserted">Soit 0,79€ / portions </div><!----><!----></eg-product-trade-prices></strong> Code : 430619<br _ngcontent-wkf-c235=""></div></div><button _ngcontent-wkf-c235="" type="button" class="btn btn__icon__basic"><svg _ngcontent-wkf-c235="" xmlns="http://www.w3.org/2000/svg" viewBox="0 0 19 17.08" width="37" height="34"><path _ngcontent-wkf-c235="" d="M14.25,17.08a1.88,1.88,0,1,1,1.88-1.88A1.88,1.88,0,0,1,14.25,17.08Zm0-3.05a1.18,1.18,0,1,0,1.18,1.18A1.18,1.18,0,0,0,14.25,14Z"></path><path _ngcontent-wkf-c235="" d="M6.65,17.08A1.88,1.88,0,1,1,8.53,15.2,1.88,1.88,0,0,1,6.65,17.08Zm0-3.05A1.18,1.18,0,1,0,7.83,15.2,1.18,1.18,0,0,0,6.65,14Z"></path><path _ngcontent-wkf-c235="" d="M16.7,8.49,5.15,10,3.72,3H18Zm2.22-6a.41.41,0,0,0-.32-.15h-15l-.4-2c0-.15-.24-.31-.4-.31H.4A.37.37,0,0,0,0,.39.37.37,0,0,0,.4.77H2.45l1.9,9.42A2.77,2.77,0,0,0,7,12.35h9.1a.39.39,0,1,0,0-.77h-9a1.84,1.84,0,0,1-1.58-.85L17.1,9.19a.34.34,0,0,0,.32-.31L19,2.7A.37.37,0,0,0,18.92,2.47Z"></path></svg></button></div></eg-gabarit-price><!----></footer></div></div><!----></div><!----><!----><!----><!----><!----><!----></eg-gabarit-basic><!----><!----><eg-gabarit-basic _ngcontent-wkf-c237="" _nghost-wkf-c236="" id="masonry-item-1" class="ng-star-inserted"><div _ngcontent-wkf-c236="" ngxmasonryitem="" class="Décors Emballages Matériel gabarit gabarit__xs gabarit__xs__1 grid-item ng-star-inserted" style="position: absolute; left: 201px; top: 0px; opacity: 1; transition-property: opacity, transform; transition-duration: 0.4s; transition-delay: 0ms;"><div _ngcontent-wkf-c236="" class="wrapper ng-star-inserted"><!----><header _ngcontent-wkf-c236="" class="header"><img _ngcontent-wkf-c236="" class="hidded" src="https://cstatic.transgourmet.fr/tg-ecommerce/images/products/detail/203336.jpg"><a _ngcontent-wkf-c236=""><img _ngcontent-wkf-c236="" class="visuel ng-star-inserted" src="https://cstatic.transgourmet.fr/tg-ecommerce/images/products/detail/203336.jpg"><!----><!----><!----></a><eg-product-info-pictos _ngcontent-wkf-c236="" _nghost-wkf-c203=""><div _ngcontent-wkf-c203="" id="infos-special-pictos"><!----><!----></div></eg-product-info-pictos></header><div _ngcontent-wkf-c236="" class="body"><eg-products-info-top-cartouche _ngcontent-wkf-c236="" _nghost-wkf-c199="" class="ng-star-inserted"><div _ngcontent-wkf-c199="" id="infos-top" class="d-flex justify-content-end infos-top infos-top-body infos-top-cartouche ng-star-inserted"><div _ngcontent-wkf-c199="" id="infos-top__stripe" class="d-flex align-items-center justify-content-center infos-top__stripe"><img _ngcontent-wkf-c199="" src="assets/images/cartouche/promo.png"></div></div><!----></eg-products-info-top-cartouche><!----><div _ngcontent-wkf-c236="" class="labels"><div _ngcontent-wkf-c236="" class="labels-container"></div><eg-products-info-top-fide _ngcontent-wkf-c236="" _nghost-wkf-c200=""><!----></eg-products-info-top-fide></div><div _ngcontent-wkf-c236="" id="category"><h5 _ngcontent-wkf-c236="" class="category"><!----><!----></h5><eg-product-temperature-block _ngcontent-wkf-c236="" _nghost-wkf-c202=""><!----><!----></eg-product-temperature-block></div><div _ngcontent-wkf-c236="" class="title-wrapper"><a _ngcontent-wkf-c236=""><h3 _ngcontent-wkf-c236="" class="title">Sac de regroupement à pain
kraft brun
dim. 400x800mm, soufflet 190mm</h3><!----></a></div><p _ngcontent-wkf-c236="" class="text"> Paquet de 100 portions.<br _ngcontent-wkf-c236="" class="ng-star-inserted"><!----><!----><!----><!----></p><footer _ngcontent-wkf-c236=""><eg-gabarit-price _ngcontent-wkf-c236="" _nghost-wkf-c235="" class="ng-star-inserted"><div _ngcontent-wkf-c235="" class="price"> 20,69€ <!----></div><div _ngcontent-wkf-c235="" class="extra-wrapper"><div _ngcontent-wkf-c235="" class="extra"><div _ngcontent-wkf-c235=""><strong _ngcontent-wkf-c235=""><eg-product-trade-prices _ngcontent-wkf-c235="" _nghost-wkf-c155=""><div _ngcontent-wkf-c155="" class="prices-unity">Soit 20,69€ / PC </div><!----><div _ngcontent-wkf-c155="" class="prices-unity prices-other ng-star-inserted">Soit 0,21€ / portions </div><!----><!----></eg-product-trade-prices></strong> Code : 239554<br _ngcontent-wkf-c235=""></div></div><button _ngcontent-wkf-c235="" type="button" class="btn btn__icon__basic"><svg _ngcontent-wkf-c235="" xmlns="http://www.w3.org/2000/svg" viewBox="0 0 19 17.08" width="37" height="34"><path _ngcontent-wkf-c235="" d="M14.25,17.08a1.88,1.88,0,1,1,1.88-1.88A1.88,1.88,0,0,1,14.25,17.08Zm0-3.05a1.18,1.18,0,1,0,1.18,1.18A1.18,1.18,0,0,0,14.25,14Z"></path><path _ngcontent-wkf-c235="" d="M6.65,17.08A1.88,1.88,0,1,1,8.53,15.2,1.88,1.88,0,0,1,6.65,17.08Zm0-3.05A1.18,1.18,0,1,0,7.83,15.2,1.18,1.18,0,0,0,6.65,14Z"></path><path _ngcontent-wkf-c235="" d="M16.7,8.49,5.15,10,3.72,3H18Zm2.22-6a.41.41,0,0,0-.32-.15h-15l-.4-2c0-.15-.24-.31-.4-.31H.4A.37.37,0,0,0,0,.39.37.37,0,0,0,.4.77H2.45l1.9,9.42A2.77,2.77,0,0,0,7,12.35h9.1a.39.39,0,1,0,0-.77h-9a1.84,1.84,0,0,1-1.58-.85L17.1,9.19a.34.34,0,0,0,.32-.31L19,2.7A.37.37,0,0,0,18.92,2.47Z"></path></svg></button></div></eg-gabarit-price><!----></footer></div></div><!----></div><!----><!----><!----><!----><!----><!----></eg-gabarit-basic><!----><!----><eg-gabarit-basic _ngcontent-wkf-c237="" _nghost-wkf-c236="" id="masonry-item-2" class="ng-star-inserted"><div _ngcontent-wkf-c236="" ngxmasonryitem="" class="Décors Emballages Matériel gabarit gabarit__xs gabarit__xs__1 grid-item ng-star-inserted" style="position: absolute; left: 0px; top: 316px; opacity: 1; transition-property: opacity, transform; transition-duration: 0.4s; transition-delay: 0ms;"><div _ngcontent-wkf-c236="" class="wrapper ng-star-inserted"><!----><header _ngcontent-wkf-c236="" class="header"><img _ngcontent-wkf-c236="" class="hidded" src="https://cstatic.transgourmet.fr/tg-ecommerce/images/products/detail/254770.jpg"><a _ngcontent-wkf-c236=""><img _ngcontent-wkf-c236="" class="visuel ng-star-inserted" src="https://cstatic.transgourmet.fr/tg-ecommerce/images/products/detail/254770.jpg"><!----><!----><!----></a><eg-product-info-pictos _ngcontent-wkf-c236="" _nghost-wkf-c203=""><div _ngcontent-wkf-c203="" id="infos-special-pictos"><!----><!----></div></eg-product-info-pictos></header><div _ngcontent-wkf-c236="" class="body"><eg-products-info-top-cartouche _ngcontent-wkf-c236="" _nghost-wkf-c199="" class="ng-star-inserted"><div _ngcontent-wkf-c199="" id="infos-top" class="d-flex justify-content-end infos-top infos-top-body infos-top-cartouche ng-star-inserted"><div _ngcontent-wkf-c199="" id="infos-top__stripe" class="d-flex align-items-center justify-content-center infos-top__stripe"><img _ngcontent-wkf-c199="" src="assets/images/cartouche/promo.png"></div></div><!----></eg-products-info-top-cartouche><!----><div _ngcontent-wkf-c236="" class="labels"><div _ngcontent-wkf-c236="" class="labels-container"></div><eg-products-info-top-fide _ngcontent-wkf-c236="" _nghost-wkf-c200=""><div _ngcontent-wkf-c200="" id="info-top-fide" class="d-flex flex-row justify-content-end ng-star-inserted"><div _ngcontent-wkf-c200="" class="d-flex flex-row-reverse justify-content-between w-100"><div _ngcontent-wkf-c200="" class="order-2 points-gourmets ng-star-inserted" title="15 points /&nbsp;colis"><div _ngcontent-wkf-c200="" class="points">15</div><div _ngcontent-wkf-c200="" class="unit carre"><span _ngcontent-wkf-c200="">/&nbsp;colis</span></div><img _ngcontent-wkf-c200="" src="assets/images/points-gourmets.553b6337.jpg" alt=""></div><!----><!----></div></div><!----></eg-products-info-top-fide></div><div _ngcontent-wkf-c236="" id="category"><h5 _ngcontent-wkf-c236="" class="category"><span _ngcontent-wkf-c236="" class="txt ng-star-inserted">GAULT ET FREMONT</span><!----><!----></h5><eg-product-temperature-block _ngcontent-wkf-c236="" _nghost-wkf-c202=""><!----><!----></eg-product-temperature-block></div><div _ngcontent-wkf-c236="" class="title-wrapper"><a _ngcontent-wkf-c236=""><h3 _ngcontent-wkf-c236="" class="title">Boîte burger delivery
117x118x74 mm</h3><!----></a></div><p _ngcontent-wkf-c236="" class="text"> Colis de 200 portions.<br _ngcontent-wkf-c236="" class="ng-star-inserted"><!----><!----><!----><!----></p><footer _ngcontent-wkf-c236=""><eg-gabarit-price _ngcontent-wkf-c236="" _nghost-wkf-c235="" class="ng-star-inserted"><div _ngcontent-wkf-c235="" class="price"> 49,79€ <!----></div><div _ngcontent-wkf-c235="" class="extra-wrapper"><div _ngcontent-wkf-c235="" class="extra"><div _ngcontent-wkf-c235=""><strong _ngcontent-wkf-c235=""><eg-product-trade-prices _ngcontent-wkf-c235="" _nghost-wkf-c155=""><div _ngcontent-wkf-c155="" class="prices-unity">Soit 49,79€ / PC </div><!----><div _ngcontent-wkf-c155="" class="prices-unity prices-other ng-star-inserted">Soit 0,25€ / portions </div><!----><!----></eg-product-trade-prices></strong> Code : 232606<br _ngcontent-wkf-c235=""></div></div><button _ngcontent-wkf-c235="" type="button" class="btn btn__icon__basic"><svg _ngcontent-wkf-c235="" xmlns="http://www.w3.org/2000/svg" viewBox="0 0 19 17.08" width="37" height="34"><path _ngcontent-wkf-c235="" d="M14.25,17.08a1.88,1.88,0,1,1,1.88-1.88A1.88,1.88,0,0,1,14.25,17.08Zm0-3.05a1.18,1.18,0,1,0,1.18,1.18A1.18,1.18,0,0,0,14.25,14Z"></path><path _ngcontent-wkf-c235="" d="M6.65,17.08A1.88,1.88,0,1,1,8.53,15.2,1.88,1.88,0,0,1,6.65,17.08Zm0-3.05A1.18,1.18,0,1,0,7.83,15.2,1.18,1.18,0,0,0,6.65,14Z"></path><path _ngcontent-wkf-c235="" d="M16.7,8.49,5.15,10,3.72,3H18Zm2.22-6a.41.41,0,0,0-.32-.15h-15l-.4-2c0-.15-.24-.31-.4-.31H.4A.37.37,0,0,0,0,.39.37.37,0,0,0,.4.77H2.45l1.9,9.42A2.77,2.77,0,0,0,7,12.35h9.1a.39.39,0,1,0,0-.77h-9a1.84,1.84,0,0,1-1.58-.85L17.1,9.19a.34.34,0,0,0,.32-.31L19,2.7A.37.37,0,0,0,18.92,2.47Z"></path></svg></button></div></eg-gabarit-price><!----></footer></div></div><!----></div><!----><!----><!----><!----><!----><!----></eg-gabarit-basic><!----><!----><eg-gabarit-basic _ngcontent-wkf-c237="" _nghost-wkf-c236="" id="masonry-item-3" class="ng-star-inserted"><div _ngcontent-wkf-c236="" ngxmasonryitem="" class="Décors Emballages Matériel gabarit gabarit__xs gabarit__xs__1 grid-item ng-star-inserted" style="position: absolute; left: 201px; top: 358px; opacity: 1; transition-property: opacity, transform; transition-duration: 0.4s; transition-delay: 0ms;"><div _ngcontent-wkf-c236="" class="wrapper ng-star-inserted"><eg-gabarit-cartouche _ngcontent-wkf-c236="" _nghost-wkf-c234="" class="ng-star-inserted"><div _ngcontent-wkf-c234="" class="top-bar top-bar__web ng-star-inserted"><div _ngcontent-wkf-c234="" class="editable-container"><div _ngcontent-wkf-c234="" class="editable-bg"><span _ngcontent-wkf-c234="" class="editable-overlay">Modifier le cartouche</span></div></div><div _ngcontent-wkf-c234="" class="bg-red ng-star-inserted"><div _ngcontent-wkf-c234="" class="top-bar--content"> prix<strong _ngcontent-wkf-c234="">exclu</strong>web </div></div><!----><!----><!----><div _ngcontent-wkf-c234="" class="top-bar--price"><div _ngcontent-wkf-c234="" class="d-inline-flex flex-middle"><div _ngcontent-wkf-c234="" class="unit">26</div><div _ngcontent-wkf-c234="" class="currency">€<br _ngcontent-wkf-c234="">69</div></div><div _ngcontent-wkf-c234="" class="quantify">Par portions</div></div></div><!----></eg-gabarit-cartouche><!----><header _ngcontent-wkf-c236="" class="header"><img _ngcontent-wkf-c236="" class="hidded" src="https://cstatic.transgourmet.fr/tg-ecommerce/images/products/detail/217944.jpg"><a _ngcontent-wkf-c236=""><img _ngcontent-wkf-c236="" class="visuel ng-star-inserted" src="https://cstatic.transgourmet.fr/tg-ecommerce/images/products/detail/217944.jpg"><!----><!----><!----></a><eg-product-info-pictos _ngcontent-wkf-c236="" _nghost-wkf-c203=""><div _ngcontent-wkf-c203="" id="infos-special-pictos"><!----><!----></div></eg-product-info-pictos></header><div _ngcontent-wkf-c236="" class="body"><!----><div _ngcontent-wkf-c236="" class="labels"><div _ngcontent-wkf-c236="" class="labels-container"></div><eg-products-info-top-fide _ngcontent-wkf-c236="" _nghost-wkf-c200=""><!----></eg-products-info-top-fide></div><div _ngcontent-wkf-c236="" id="category"><h5 _ngcontent-wkf-c236="" class="category"><!----><!----></h5><eg-product-temperature-block _ngcontent-wkf-c236="" _nghost-wkf-c202=""><!----><!----></eg-product-temperature-block></div><div _ngcontent-wkf-c236="" class="title-wrapper"><a _ngcontent-wkf-c236=""><h3 _ngcontent-wkf-c236="" class="title">Boite snack
bagel, donuts,
dim.120x65x60</h3><!----></a></div><p _ngcontent-wkf-c236="" class="text"> Colis de 150 portions.<br _ngcontent-wkf-c236="" class="ng-star-inserted"><!----><!----><!----><!----></p><footer _ngcontent-wkf-c236=""><eg-gabarit-price _ngcontent-wkf-c236="" _nghost-wkf-c235="" class="ng-star-inserted"><div _ngcontent-wkf-c235="" class="price"> 26,69€ <!----></div><div _ngcontent-wkf-c235="" class="extra-wrapper"><div _ngcontent-wkf-c235="" class="extra"><div _ngcontent-wkf-c235=""><strong _ngcontent-wkf-c235=""><eg-product-trade-prices _ngcontent-wkf-c235="" _nghost-wkf-c155=""><div _ngcontent-wkf-c155="" class="prices-unity">Soit 26,69€ / PC </div><!----><div _ngcontent-wkf-c155="" class="prices-unity prices-other ng-star-inserted">Soit 0,18€ / portions </div><!----><!----></eg-product-trade-prices></strong> Code : 231384<br _ngcontent-wkf-c235=""></div></div><button _ngcontent-wkf-c235="" type="button" class="btn btn__icon__basic"><svg _ngcontent-wkf-c235="" xmlns="http://www.w3.org/2000/svg" viewBox="0 0 19 17.08" width="37" height="34"><path _ngcontent-wkf-c235="" d="M14.25,17.08a1.88,1.88,0,1,1,1.88-1.88A1.88,1.88,0,0,1,14.25,17.08Zm0-3.05a1.18,1.18,0,1,0,1.18,1.18A1.18,1.18,0,0,0,14.25,14Z"></path><path _ngcontent-wkf-c235="" d="M6.65,17.08A1.88,1.88,0,1,1,8.53,15.2,1.88,1.88,0,0,1,6.65,17.08Zm0-3.05A1.18,1.18,0,1,0,7.83,15.2,1.18,1.18,0,0,0,6.65,14Z"></path><path _ngcontent-wkf-c235="" d="M16.7,8.49,5.15,10,3.72,3H18Zm2.22-6a.41.41,0,0,0-.32-.15h-15l-.4-2c0-.15-.24-.31-.4-.31H.4A.37.37,0,0,0,0,.39.37.37,0,0,0,.4.77H2.45l1.9,9.42A2.77,2.77,0,0,0,7,12.35h9.1a.39.39,0,1,0,0-.77h-9a1.84,1.84,0,0,1-1.58-.85L17.1,9.19a.34.34,0,0,0,.32-.31L19,2.7A.37.37,0,0,0,18.92,2.47Z"></path></svg></button></div></eg-gabarit-price><!----></footer></div></div><!----></div><!----><!----><!----><!----><!----><!----></eg-gabarit-basic><!----><!----><eg-gabarit-basic _ngcontent-wkf-c237="" _nghost-wkf-c236="" id="masonry-item-4" class="ng-star-inserted"><div _ngcontent-wkf-c236="" ngxmasonryitem="" class="Décors Emballages Matériel gabarit gabarit__xs gabarit__xs__1 grid-item ng-star-inserted" style="position: absolute; left: 0px; top: 701.406px; opacity: 1; transition-property: opacity, transform; transition-duration: 0.4s; transition-delay: 0ms;"><div _ngcontent-wkf-c236="" class="wrapper ng-star-inserted"><!----><header _ngcontent-wkf-c236="" class="header"><img _ngcontent-wkf-c236="" class="hidded" src="https://cstatic.transgourmet.fr/tg-ecommerce/images/products/detail/222070.jpg"><a _ngcontent-wkf-c236=""><img _ngcontent-wkf-c236="" class="visuel ng-star-inserted" src="https://cstatic.transgourmet.fr/tg-ecommerce/images/products/detail/222070.jpg"><!----><!----><!----></a><eg-product-info-pictos _ngcontent-wkf-c236="" _nghost-wkf-c203=""><div _ngcontent-wkf-c203="" id="infos-special-pictos"><!----><!----></div></eg-product-info-pictos></header><div _ngcontent-wkf-c236="" class="body"><eg-products-info-top-cartouche _ngcontent-wkf-c236="" _nghost-wkf-c199="" class="ng-star-inserted"><div _ngcontent-wkf-c199="" id="infos-top" class="d-flex justify-content-end infos-top infos-top-body infos-top-cartouche ng-star-inserted"><div _ngcontent-wkf-c199="" id="infos-top__stripe" class="d-flex align-items-center justify-content-center infos-top__stripe"><img _ngcontent-wkf-c199="" src="assets/images/cartouche/promo.png"></div></div><!----></eg-products-info-top-cartouche><!----><div _ngcontent-wkf-c236="" class="labels"><div _ngcontent-wkf-c236="" class="labels-container"></div><eg-products-info-top-fide _ngcontent-wkf-c236="" _nghost-wkf-c200=""><!----></eg-products-info-top-fide></div><div _ngcontent-wkf-c236="" id="category"><h5 _ngcontent-wkf-c236="" class="category"><span _ngcontent-wkf-c236="" class="txt ng-star-inserted">ELITE</span><!----><!----></h5><eg-product-temperature-block _ngcontent-wkf-c236="" _nghost-wkf-c202=""><!----><!----></eg-product-temperature-block></div><div _ngcontent-wkf-c236="" class="title-wrapper"><a _ngcontent-wkf-c236=""><h3 _ngcontent-wkf-c236="" class="title">Boîte pâtissière avec poignée
élite dim. 10.5x10.5x6 cm</h3><!----></a></div><p _ngcontent-wkf-c236="" class="text"> Paquet de 50 portions.<br _ngcontent-wkf-c236="" class="ng-star-inserted"><!----><!----><!----><!----></p><footer _ngcontent-wkf-c236=""><eg-gabarit-price _ngcontent-wkf-c236="" _nghost-wkf-c235="" class="ng-star-inserted"><div _ngcontent-wkf-c235="" class="price"> 13,07€ <!----></div><div _ngcontent-wkf-c235="" class="extra-wrapper"><div _ngcontent-wkf-c235="" class="extra"><div _ngcontent-wkf-c235=""><strong _ngcontent-wkf-c235=""><eg-product-trade-prices _ngcontent-wkf-c235="" _nghost-wkf-c155=""><div _ngcontent-wkf-c155="" class="prices-unity">Soit 13,07€ / PC </div><!----><div _ngcontent-wkf-c155="" class="prices-unity prices-other ng-star-inserted">Soit 0,26€ / portions </div><!----><!----></eg-product-trade-prices></strong> Code : 223371<br _ngcontent-wkf-c235=""></div></div><button _ngcontent-wkf-c235="" type="button" class="btn btn__icon__basic"><svg _ngcontent-wkf-c235="" xmlns="http://www.w3.org/2000/svg" viewBox="0 0 19 17.08" width="37" height="34"><path _ngcontent-wkf-c235="" d="M14.25,17.08a1.88,1.88,0,1,1,1.88-1.88A1.88,1.88,0,0,1,14.25,17.08Zm0-3.05a1.18,1.18,0,1,0,1.18,1.18A1.18,1.18,0,0,0,14.25,14Z"></path><path _ngcontent-wkf-c235="" d="M6.65,17.08A1.88,1.88,0,1,1,8.53,15.2,1.88,1.88,0,0,1,6.65,17.08Zm0-3.05A1.18,1.18,0,1,0,7.83,15.2,1.18,1.18,0,0,0,6.65,14Z"></path><path _ngcontent-wkf-c235="" d="M16.7,8.49,5.15,10,3.72,3H18Zm2.22-6a.41.41,0,0,0-.32-.15h-15l-.4-2c0-.15-.24-.31-.4-.31H.4A.37.37,0,0,0,0,.39.37.37,0,0,0,.4.77H2.45l1.9,9.42A2.77,2.77,0,0,0,7,12.35h9.1a.39.39,0,1,0,0-.77h-9a1.84,1.84,0,0,1-1.58-.85L17.1,9.19a.34.34,0,0,0,.32-.31L19,2.7A.37.37,0,0,0,18.92,2.47Z"></path></svg></button></div></eg-gabarit-price><!----></footer></div></div><!----></div><!----><!----><!----><!----><!----><!----></eg-gabarit-basic><!----><!----><eg-gabarit-basic _ngcontent-wkf-c237="" _nghost-wkf-c236="" id="masonry-item-5" class="ng-star-inserted"><div _ngcontent-wkf-c236="" ngxmasonryitem="" class="Décors Emballages Matériel gabarit gabarit__xs gabarit__xs__1 grid-item ng-star-inserted" style="position: absolute; left: 201px; top: 798.641px; opacity: 1; transition-property: opacity, transform; transition-duration: 0.4s; transition-delay: 0ms;"><div _ngcontent-wkf-c236="" class="wrapper ng-star-inserted"><!----><header _ngcontent-wkf-c236="" class="header"><img _ngcontent-wkf-c236="" class="hidded" src="https://cstatic.transgourmet.fr/tg-ecommerce/images/products/detail/219357.jpg"><a _ngcontent-wkf-c236=""><img _ngcontent-wkf-c236="" class="visuel ng-star-inserted" src="https://cstatic.transgourmet.fr/tg-ecommerce/images/products/detail/219357.jpg"><!----><!----><!----></a><eg-product-info-pictos _ngcontent-wkf-c236="" _nghost-wkf-c203=""><div _ngcontent-wkf-c203="" id="infos-special-pictos"><!----><!----></div></eg-product-info-pictos></header><div _ngcontent-wkf-c236="" class="body"><eg-products-info-top-cartouche _ngcontent-wkf-c236="" _nghost-wkf-c199="" class="ng-star-inserted"><div _ngcontent-wkf-c199="" id="infos-top" class="d-flex justify-content-end infos-top infos-top-body infos-top-cartouche ng-star-inserted"><div _ngcontent-wkf-c199="" id="infos-top__stripe" class="d-flex align-items-center justify-content-center infos-top__stripe"><img _ngcontent-wkf-c199="" src="assets/images/cartouche/promo.png"></div></div><!----></eg-products-info-top-cartouche><!----><div _ngcontent-wkf-c236="" class="labels"><div _ngcontent-wkf-c236="" class="labels-container"></div><eg-products-info-top-fide _ngcontent-wkf-c236="" _nghost-wkf-c200=""><!----></eg-products-info-top-fide></div><div _ngcontent-wkf-c236="" id="category"><h5 _ngcontent-wkf-c236="" class="category"><span _ngcontent-wkf-c236="" class="txt ng-star-inserted">ELITE</span><!----><!----></h5><eg-product-temperature-block _ngcontent-wkf-c236="" _nghost-wkf-c202=""><!----><!----></eg-product-temperature-block></div><div _ngcontent-wkf-c236="" class="title-wrapper"><a _ngcontent-wkf-c236=""><h3 _ngcontent-wkf-c236="" class="title">Boîte patissière avec poignée
élite 17x15.5x5 cm</h3><!----></a></div><p _ngcontent-wkf-c236="" class="text"> Paquet de 50 portions.<br _ngcontent-wkf-c236="" class="ng-star-inserted"><!----><!----><!----><!----></p><footer _ngcontent-wkf-c236=""><eg-gabarit-price _ngcontent-wkf-c236="" _nghost-wkf-c235="" class="ng-star-inserted"><div _ngcontent-wkf-c235="" class="price"> 16,86€ <!----></div><div _ngcontent-wkf-c235="" class="extra-wrapper"><div _ngcontent-wkf-c235="" class="extra"><div _ngcontent-wkf-c235=""><strong _ngcontent-wkf-c235=""><eg-product-trade-prices _ngcontent-wkf-c235="" _nghost-wkf-c155=""><div _ngcontent-wkf-c155="" class="prices-unity">Soit 16,86€ / PC </div><!----><div _ngcontent-wkf-c155="" class="prices-unity prices-other ng-star-inserted">Soit 0,34€ / portions </div><!----><!----></eg-product-trade-prices></strong> Code : 223369<br _ngcontent-wkf-c235=""></div></div><button _ngcontent-wkf-c235="" type="button" class="btn btn__icon__basic"><svg _ngcontent-wkf-c235="" xmlns="http://www.w3.org/2000/svg" viewBox="0 0 19 17.08" width="37" height="34"><path _ngcontent-wkf-c235="" d="M14.25,17.08a1.88,1.88,0,1,1,1.88-1.88A1.88,1.88,0,0,1,14.25,17.08Zm0-3.05a1.18,1.18,0,1,0,1.18,1.18A1.18,1.18,0,0,0,14.25,14Z"></path><path _ngcontent-wkf-c235="" d="M6.65,17.08A1.88,1.88,0,1,1,8.53,15.2,1.88,1.88,0,0,1,6.65,17.08Zm0-3.05A1.18,1.18,0,1,0,7.83,15.2,1.18,1.18,0,0,0,6.65,14Z"></path><path _ngcontent-wkf-c235="" d="M16.7,8.49,5.15,10,3.72,3H18Zm2.22-6a.41.41,0,0,0-.32-.15h-15l-.4-2c0-.15-.24-.31-.4-.31H.4A.37.37,0,0,0,0,.39.37.37,0,0,0,.4.77H2.45l1.9,9.42A2.77,2.77,0,0,0,7,12.35h9.1a.39.39,0,1,0,0-.77h-9a1.84,1.84,0,0,1-1.58-.85L17.1,9.19a.34.34,0,0,0,.32-.31L19,2.7A.37.37,0,0,0,18.92,2.47Z"></path></svg></button></div></eg-gabarit-price><!----></footer></div></div><!----></div><!----><!----><!----><!----><!----><!----></eg-gabarit-basic><!----><!----><eg-gabarit-basic _ngcontent-wkf-c237="" _nghost-wkf-c236="" id="masonry-item-6" class="ng-star-inserted"><div _ngcontent-wkf-c236="" ngxmasonryitem="" class="Décors Emballages Matériel gabarit gabarit__xs gabarit__xs__1 grid-item ng-star-inserted" style="position: absolute; left: 0px; top: 1062.2px; opacity: 1; transition-property: opacity, transform; transition-duration: 0.4s; transition-delay: 0ms;"><div _ngcontent-wkf-c236="" class="wrapper ng-star-inserted"><!----><header _ngcontent-wkf-c236="" class="header"><img _ngcontent-wkf-c236="" class="hidded" src="https://cstatic.transgourmet.fr/tg-ecommerce/images/products/detail/208874.jpg"><a _ngcontent-wkf-c236=""><img _ngcontent-wkf-c236="" class="visuel ng-star-inserted" src="https://cstatic.transgourmet.fr/tg-ecommerce/images/products/detail/208874.jpg"><!----><!----><!----></a><eg-product-info-pictos _ngcontent-wkf-c236="" _nghost-wkf-c203=""><div _ngcontent-wkf-c203="" id="infos-special-pictos"><!----><!----></div></eg-product-info-pictos></header><div _ngcontent-wkf-c236="" class="body"><eg-products-info-top-cartouche _ngcontent-wkf-c236="" _nghost-wkf-c199="" class="ng-star-inserted"><div _ngcontent-wkf-c199="" id="infos-top" class="d-flex justify-content-end infos-top infos-top-body infos-top-cartouche ng-star-inserted"><div _ngcontent-wkf-c199="" id="infos-top__stripe" class="d-flex align-items-center justify-content-center infos-top__stripe"><img _ngcontent-wkf-c199="" src="assets/images/cartouche/mercuriale.png"></div></div><!----></eg-products-info-top-cartouche><!----><div _ngcontent-wkf-c236="" class="labels"><div _ngcontent-wkf-c236="" class="labels-container"></div><eg-products-info-top-fide _ngcontent-wkf-c236="" _nghost-wkf-c200=""><!----></eg-products-info-top-fide></div><div _ngcontent-wkf-c236="" id="category"><h5 _ngcontent-wkf-c236="" class="category"><span _ngcontent-wkf-c236="" class="txt ng-star-inserted">ELITE</span><!----><!----></h5><eg-product-temperature-block _ngcontent-wkf-c236="" _nghost-wkf-c202=""><!----><!----></eg-product-temperature-block></div><div _ngcontent-wkf-c236="" class="title-wrapper"><a _ngcontent-wkf-c236=""><h3 _ngcontent-wkf-c236="" class="title">BOITE PATISSIERE AVEC POIGNEEE
ELITE</h3><!----></a></div><p _ngcontent-wkf-c236="" class="text"> Paquet de 50 portions.<br _ngcontent-wkf-c236="" class="ng-star-inserted"><!----><!----><!----><!----></p><footer _ngcontent-wkf-c236=""><eg-gabarit-price _ngcontent-wkf-c236="" _nghost-wkf-c235="" class="ng-star-inserted"><div _ngcontent-wkf-c235="" class="price"> 12,50€ <!----></div><div _ngcontent-wkf-c235="" class="extra-wrapper"><div _ngcontent-wkf-c235="" class="extra"><div _ngcontent-wkf-c235=""><strong _ngcontent-wkf-c235=""><eg-product-trade-prices _ngcontent-wkf-c235="" _nghost-wkf-c155=""><div _ngcontent-wkf-c155="" class="prices-unity">Soit 12,50€ / PC </div><!----><div _ngcontent-wkf-c155="" class="prices-unity prices-other ng-star-inserted">Soit 0,25€ / portions </div><!----><!----></eg-product-trade-prices></strong> Code : 223368<br _ngcontent-wkf-c235=""></div></div><button _ngcontent-wkf-c235="" type="button" class="btn btn__icon__basic"><svg _ngcontent-wkf-c235="" xmlns="http://www.w3.org/2000/svg" viewBox="0 0 19 17.08" width="37" height="34"><path _ngcontent-wkf-c235="" d="M14.25,17.08a1.88,1.88,0,1,1,1.88-1.88A1.88,1.88,0,0,1,14.25,17.08Zm0-3.05a1.18,1.18,0,1,0,1.18,1.18A1.18,1.18,0,0,0,14.25,14Z"></path><path _ngcontent-wkf-c235="" d="M6.65,17.08A1.88,1.88,0,1,1,8.53,15.2,1.88,1.88,0,0,1,6.65,17.08Zm0-3.05A1.18,1.18,0,1,0,7.83,15.2,1.18,1.18,0,0,0,6.65,14Z"></path><path _ngcontent-wkf-c235="" d="M16.7,8.49,5.15,10,3.72,3H18Zm2.22-6a.41.41,0,0,0-.32-.15h-15l-.4-2c0-.15-.24-.31-.4-.31H.4A.37.37,0,0,0,0,.39.37.37,0,0,0,.4.77H2.45l1.9,9.42A2.77,2.77,0,0,0,7,12.35h9.1a.39.39,0,1,0,0-.77h-9a1.84,1.84,0,0,1-1.58-.85L17.1,9.19a.34.34,0,0,0,.32-.31L19,2.7A.37.37,0,0,0,18.92,2.47Z"></path></svg></button></div></eg-gabarit-price><!----></footer></div></div><!----></div><!----><!----><!----><!----><!----><!----></eg-gabarit-basic><!----><!----><eg-gabarit-basic _ngcontent-wkf-c237="" _nghost-wkf-c236="" id="masonry-item-7" class="ng-star-inserted"><div _ngcontent-wkf-c236="" ngxmasonryitem="" class="Décors Emballages Matériel gabarit gabarit__xs gabarit__xs__1 grid-item ng-star-inserted" style="position: absolute; left: 201px; top: 1159.44px; opacity: 1; transition-property: opacity, transform; transition-duration: 0.4s; transition-delay: 0ms;"><div _ngcontent-wkf-c236="" class="wrapper ng-star-inserted"><!----><header _ngcontent-wkf-c236="" class="header"><img _ngcontent-wkf-c236="" class="hidded" src="https://cstatic.transgourmet.fr/tg-ecommerce/images/products/detail/223160.jpg"><a _ngcontent-wkf-c236=""><img _ngcontent-wkf-c236="" class="visuel ng-star-inserted" src="https://cstatic.transgourmet.fr/tg-ecommerce/images/products/detail/223160.jpg"><!----><!----><!----></a><eg-product-info-pictos _ngcontent-wkf-c236="" _nghost-wkf-c203=""><div _ngcontent-wkf-c203="" id="infos-special-pictos"><!----><!----></div></eg-product-info-pictos></header><div _ngcontent-wkf-c236="" class="body"><eg-products-info-top-cartouche _ngcontent-wkf-c236="" _nghost-wkf-c199="" class="ng-star-inserted"><div _ngcontent-wkf-c199="" id="infos-top" class="d-flex justify-content-end infos-top infos-top-body infos-top-cartouche ng-star-inserted"><div _ngcontent-wkf-c199="" id="infos-top__stripe" class="d-flex align-items-center justify-content-center infos-top__stripe"><img _ngcontent-wkf-c199="" src="assets/images/cartouche/promo.png"></div></div><!----></eg-products-info-top-cartouche><!----><div _ngcontent-wkf-c236="" class="labels"><div _ngcontent-wkf-c236="" class="labels-container"></div><eg-products-info-top-fide _ngcontent-wkf-c236="" _nghost-wkf-c200=""><!----></eg-products-info-top-fide></div><div _ngcontent-wkf-c236="" id="category"><h5 _ngcontent-wkf-c236="" class="category"><span _ngcontent-wkf-c236="" class="txt ng-star-inserted">ELITE</span><!----><!----></h5><eg-product-temperature-block _ngcontent-wkf-c236="" _nghost-wkf-c202=""><!----><!----></eg-product-temperature-block></div><div _ngcontent-wkf-c236="" class="title-wrapper"><a _ngcontent-wkf-c236=""><h3 _ngcontent-wkf-c236="" class="title">Boîte pâtissière avec poignée
élite dim. 18x18x6 cm</h3><!----></a></div><p _ngcontent-wkf-c236="" class="text"> Paquet de 50 portions.<br _ngcontent-wkf-c236="" class="ng-star-inserted"><!----><!----><!----><!----></p><footer _ngcontent-wkf-c236=""><eg-gabarit-price _ngcontent-wkf-c236="" _nghost-wkf-c235="" class="ng-star-inserted"><div _ngcontent-wkf-c235="" class="price"> 21,57€ <!----></div><div _ngcontent-wkf-c235="" class="extra-wrapper"><div _ngcontent-wkf-c235="" class="extra"><div _ngcontent-wkf-c235=""><strong _ngcontent-wkf-c235=""><eg-product-trade-prices _ngcontent-wkf-c235="" _nghost-wkf-c155=""><div _ngcontent-wkf-c155="" class="prices-unity">Soit 21,57€ / PC </div><!----><div _ngcontent-wkf-c155="" class="prices-unity prices-other ng-star-inserted">Soit 0,43€ / portions </div><!----><!----></eg-product-trade-prices></strong> Code : 223367<br _ngcontent-wkf-c235=""></div></div><button _ngcontent-wkf-c235="" type="button" class="btn btn__icon__basic"><svg _ngcontent-wkf-c235="" xmlns="http://www.w3.org/2000/svg" viewBox="0 0 19 17.08" width="37" height="34"><path _ngcontent-wkf-c235="" d="M14.25,17.08a1.88,1.88,0,1,1,1.88-1.88A1.88,1.88,0,0,1,14.25,17.08Zm0-3.05a1.18,1.18,0,1,0,1.18,1.18A1.18,1.18,0,0,0,14.25,14Z"></path><path _ngcontent-wkf-c235="" d="M6.65,17.08A1.88,1.88,0,1,1,8.53,15.2,1.88,1.88,0,0,1,6.65,17.08Zm0-3.05A1.18,1.18,0,1,0,7.83,15.2,1.18,1.18,0,0,0,6.65,14Z"></path><path _ngcontent-wkf-c235="" d="M16.7,8.49,5.15,10,3.72,3H18Zm2.22-6a.41.41,0,0,0-.32-.15h-15l-.4-2c0-.15-.24-.31-.4-.31H.4A.37.37,0,0,0,0,.39.37.37,0,0,0,.4.77H2.45l1.9,9.42A2.77,2.77,0,0,0,7,12.35h9.1a.39.39,0,1,0,0-.77h-9a1.84,1.84,0,0,1-1.58-.85L17.1,9.19a.34.34,0,0,0,.32-.31L19,2.7A.37.37,0,0,0,18.92,2.47Z"></path></svg></button></div></eg-gabarit-price><!----></footer></div></div><!----></div><!----><!----><!----><!----><!----><!----></eg-gabarit-basic><!----><!----><eg-gabarit-basic _ngcontent-wkf-c237="" _nghost-wkf-c236="" id="masonry-item-8" class="ng-star-inserted"><div _ngcontent-wkf-c236="" ngxmasonryitem="" class="Décors Emballages Matériel gabarit gabarit__xs gabarit__xs__1 grid-item ng-star-inserted" style="position: absolute; left: 0px; top: 1409px; opacity: 1; transition-property: opacity, transform; transition-duration: 0.4s; transition-delay: 0ms;"><div _ngcontent-wkf-c236="" class="wrapper ng-star-inserted"><!----><header _ngcontent-wkf-c236="" class="header"><img _ngcontent-wkf-c236="" class="hidded" src="https://cstatic.transgourmet.fr/tg-ecommerce/images/products/detail/223695.jpg"><a _ngcontent-wkf-c236=""><img _ngcontent-wkf-c236="" class="visuel ng-star-inserted" src="https://cstatic.transgourmet.fr/tg-ecommerce/images/products/detail/223695.jpg"><!----><!----><!----></a><eg-product-info-pictos _ngcontent-wkf-c236="" _nghost-wkf-c203=""><div _ngcontent-wkf-c203="" id="infos-special-pictos"><!----><!----></div></eg-product-info-pictos></header><div _ngcontent-wkf-c236="" class="body"><eg-products-info-top-cartouche _ngcontent-wkf-c236="" _nghost-wkf-c199="" class="ng-star-inserted"><div _ngcontent-wkf-c199="" id="infos-top" class="d-flex justify-content-end infos-top infos-top-body infos-top-cartouche ng-star-inserted"><div _ngcontent-wkf-c199="" id="infos-top__stripe" class="d-flex align-items-center justify-content-center infos-top__stripe"><img _ngcontent-wkf-c199="" src="assets/images/cartouche/promo.png"></div></div><!----></eg-products-info-top-cartouche><!----><div _ngcontent-wkf-c236="" class="labels"><div _ngcontent-wkf-c236="" class="labels-container"></div><eg-products-info-top-fide _ngcontent-wkf-c236="" _nghost-wkf-c200=""><!----></eg-products-info-top-fide></div><div _ngcontent-wkf-c236="" id="category"><h5 _ngcontent-wkf-c236="" class="category"><span _ngcontent-wkf-c236="" class="txt ng-star-inserted">ELITE</span><!----><!----></h5><eg-product-temperature-block _ngcontent-wkf-c236="" _nghost-wkf-c202=""><!----><!----></eg-product-temperature-block></div><div _ngcontent-wkf-c236="" class="title-wrapper"><a _ngcontent-wkf-c236=""><h3 _ngcontent-wkf-c236="" class="title">Boîte pâtissière carrée élite
avec couvercle dim. 20x20x5 cm</h3><!----></a></div><p _ngcontent-wkf-c236="" class="text"> Paquet de 50 portions.<br _ngcontent-wkf-c236="" class="ng-star-inserted"><!----><!----><!----><!----></p><footer _ngcontent-wkf-c236=""><eg-gabarit-price _ngcontent-wkf-c236="" _nghost-wkf-c235="" class="ng-star-inserted"><div _ngcontent-wkf-c235="" class="price"> 11,54€ <!----></div><div _ngcontent-wkf-c235="" class="extra-wrapper"><div _ngcontent-wkf-c235="" class="extra"><div _ngcontent-wkf-c235=""><strong _ngcontent-wkf-c235=""><eg-product-trade-prices _ngcontent-wkf-c235="" _nghost-wkf-c155=""><div _ngcontent-wkf-c155="" class="prices-unity">Soit 11,54€ / PC </div><!----><div _ngcontent-wkf-c155="" class="prices-unity prices-other ng-star-inserted">Soit 0,23€ / portions </div><!----><!----></eg-product-trade-prices></strong> Code : 223355<br _ngcontent-wkf-c235=""></div></div><button _ngcontent-wkf-c235="" type="button" class="btn btn__icon__basic"><svg _ngcontent-wkf-c235="" xmlns="http://www.w3.org/2000/svg" viewBox="0 0 19 17.08" width="37" height="34"><path _ngcontent-wkf-c235="" d="M14.25,17.08a1.88,1.88,0,1,1,1.88-1.88A1.88,1.88,0,0,1,14.25,17.08Zm0-3.05a1.18,1.18,0,1,0,1.18,1.18A1.18,1.18,0,0,0,14.25,14Z"></path><path _ngcontent-wkf-c235="" d="M6.65,17.08A1.88,1.88,0,1,1,8.53,15.2,1.88,1.88,0,0,1,6.65,17.08Zm0-3.05A1.18,1.18,0,1,0,7.83,15.2,1.18,1.18,0,0,0,6.65,14Z"></path><path _ngcontent-wkf-c235="" d="M16.7,8.49,5.15,10,3.72,3H18Zm2.22-6a.41.41,0,0,0-.32-.15h-15l-.4-2c0-.15-.24-.31-.4-.31H.4A.37.37,0,0,0,0,.39.37.37,0,0,0,.4.77H2.45l1.9,9.42A2.77,2.77,0,0,0,7,12.35h9.1a.39.39,0,1,0,0-.77h-9a1.84,1.84,0,0,1-1.58-.85L17.1,9.19a.34.34,0,0,0,.32-.31L19,2.7A.37.37,0,0,0,18.92,2.47Z"></path></svg></button></div></eg-gabarit-price><!----></footer></div></div><!----></div><!----><!----><!----><!----><!----><!----></eg-gabarit-basic><!----><!----><eg-gabarit-basic _ngcontent-wkf-c237="" _nghost-wkf-c236="" id="masonry-item-9" class="ng-star-inserted"><div _ngcontent-wkf-c236="" ngxmasonryitem="" class="Décors Emballages Matériel gabarit gabarit__xs gabarit__xs__1 grid-item ng-star-inserted" style="position: absolute; left: 201px; top: 1520.24px; opacity: 1; transition-property: opacity, transform; transition-duration: 0.4s; transition-delay: 0ms;"><div _ngcontent-wkf-c236="" class="wrapper ng-star-inserted"><!----><header _ngcontent-wkf-c236="" class="header"><img _ngcontent-wkf-c236="" class="hidded" src="https://cstatic.transgourmet.fr/tg-ecommerce/images/products/detail/238252.jpg"><a _ngcontent-wkf-c236=""><img _ngcontent-wkf-c236="" class="visuel ng-star-inserted" src="https://cstatic.transgourmet.fr/tg-ecommerce/images/products/detail/238252.jpg"><!----><!----><!----></a><eg-product-info-pictos _ngcontent-wkf-c236="" _nghost-wkf-c203=""><div _ngcontent-wkf-c203="" id="infos-special-pictos"><!----><!----></div></eg-product-info-pictos></header><div _ngcontent-wkf-c236="" class="body"><eg-products-info-top-cartouche _ngcontent-wkf-c236="" _nghost-wkf-c199="" class="ng-star-inserted"><div _ngcontent-wkf-c199="" id="infos-top" class="d-flex justify-content-end infos-top infos-top-body infos-top-cartouche ng-star-inserted"><div _ngcontent-wkf-c199="" id="infos-top__stripe" class="d-flex align-items-center justify-content-center infos-top__stripe"><img _ngcontent-wkf-c199="" src="assets/images/cartouche/promo.png"></div></div><!----></eg-products-info-top-cartouche><!----><div _ngcontent-wkf-c236="" class="labels"><div _ngcontent-wkf-c236="" class="labels-container"></div><eg-products-info-top-fide _ngcontent-wkf-c236="" _nghost-wkf-c200=""><!----></eg-products-info-top-fide></div><div _ngcontent-wkf-c236="" id="category"><h5 _ngcontent-wkf-c236="" class="category"><span _ngcontent-wkf-c236="" class="txt ng-star-inserted">MATFER</span><!----><!----></h5><eg-product-temperature-block _ngcontent-wkf-c236="" _nghost-wkf-c202=""><!----><!----></eg-product-temperature-block></div><div _ngcontent-wkf-c236="" class="title-wrapper"><a _ngcontent-wkf-c236=""><h3 _ngcontent-wkf-c236="" class="title">Capsules isi n20
8.4g</h3><!----></a></div><p _ngcontent-wkf-c236="" class="text"> Boite de 24 portions.<br _ngcontent-wkf-c236="" class="ng-star-inserted"><!----><!----><!----><!----></p><footer _ngcontent-wkf-c236=""><eg-gabarit-price _ngcontent-wkf-c236="" _nghost-wkf-c235="" class="ng-star-inserted"><div _ngcontent-wkf-c235="" class="price"> 15,75€ <!----></div><div _ngcontent-wkf-c235="" class="extra-wrapper"><div _ngcontent-wkf-c235="" class="extra"><div _ngcontent-wkf-c235=""><strong _ngcontent-wkf-c235=""><eg-product-trade-prices _ngcontent-wkf-c235="" _nghost-wkf-c155=""><div _ngcontent-wkf-c155="" class="prices-unity">Soit 15,75€ / PC </div><!----><div _ngcontent-wkf-c155="" class="prices-unity prices-other ng-star-inserted">Soit 0,66€ / portions </div><!----><!----></eg-product-trade-prices></strong> Code : 219622<br _ngcontent-wkf-c235=""></div></div><button _ngcontent-wkf-c235="" type="button" class="btn btn__icon__basic"><svg _ngcontent-wkf-c235="" xmlns="http://www.w3.org/2000/svg" viewBox="0 0 19 17.08" width="37" height="34"><path _ngcontent-wkf-c235="" d="M14.25,17.08a1.88,1.88,0,1,1,1.88-1.88A1.88,1.88,0,0,1,14.25,17.08Zm0-3.05a1.18,1.18,0,1,0,1.18,1.18A1.18,1.18,0,0,0,14.25,14Z"></path><path _ngcontent-wkf-c235="" d="M6.65,17.08A1.88,1.88,0,1,1,8.53,15.2,1.88,1.88,0,0,1,6.65,17.08Zm0-3.05A1.18,1.18,0,1,0,7.83,15.2,1.18,1.18,0,0,0,6.65,14Z"></path><path _ngcontent-wkf-c235="" d="M16.7,8.49,5.15,10,3.72,3H18Zm2.22-6a.41.41,0,0,0-.32-.15h-15l-.4-2c0-.15-.24-.31-.4-.31H.4A.37.37,0,0,0,0,.39.37.37,0,0,0,.4.77H2.45l1.9,9.42A2.77,2.77,0,0,0,7,12.35h9.1a.39.39,0,1,0,0-.77h-9a1.84,1.84,0,0,1-1.58-.85L17.1,9.19a.34.34,0,0,0,.32-.31L19,2.7A.37.37,0,0,0,18.92,2.47Z"></path></svg></button></div></eg-gabarit-price><!----></footer></div></div><!----></div><!----><!----><!----><!----><!----><!----></eg-gabarit-basic><!----><!----><eg-gabarit-basic _ngcontent-wkf-c237="" _nghost-wkf-c236="" id="masonry-item-10" class="ng-star-inserted"><div _ngcontent-wkf-c236="" ngxmasonryitem="" class="Décors Emballages Matériel gabarit gabarit__xs gabarit__xs__1 grid-item ng-star-inserted" style="position: absolute; left: 0px; top: 1769.8px; opacity: 1; transition-property: opacity, transform; transition-duration: 0.4s; transition-delay: 0ms;"><div _ngcontent-wkf-c236="" class="wrapper ng-star-inserted"><eg-gabarit-cartouche _ngcontent-wkf-c236="" _nghost-wkf-c234="" class="ng-star-inserted"><div _ngcontent-wkf-c234="" class="top-bar top-bar__web ng-star-inserted"><div _ngcontent-wkf-c234="" class="editable-container"><div _ngcontent-wkf-c234="" class="editable-bg"><span _ngcontent-wkf-c234="" class="editable-overlay">Modifier le cartouche</span></div></div><div _ngcontent-wkf-c234="" class="bg-red ng-star-inserted"><div _ngcontent-wkf-c234="" class="top-bar--content"> prix<strong _ngcontent-wkf-c234="">exclu</strong>web </div></div><!----><!----><!----><div _ngcontent-wkf-c234="" class="top-bar--price"><div _ngcontent-wkf-c234="" class="d-inline-flex flex-middle"><div _ngcontent-wkf-c234="" class="unit">2</div><div _ngcontent-wkf-c234="" class="currency">€<br _ngcontent-wkf-c234="">49</div></div><div _ngcontent-wkf-c234="" class="quantify">Par portions</div></div></div><!----></eg-gabarit-cartouche><!----><header _ngcontent-wkf-c236="" class="header"><img _ngcontent-wkf-c236="" class="hidded" src="https://cstatic.transgourmet.fr/tg-ecommerce/images/products/detail/247437.jpg"><a _ngcontent-wkf-c236=""><img _ngcontent-wkf-c236="" class="visuel ng-star-inserted" src="https://cstatic.transgourmet.fr/tg-ecommerce/images/products/detail/247437.jpg"><!----><!----><!----></a><eg-product-info-pictos _ngcontent-wkf-c236="" _nghost-wkf-c203=""><div _ngcontent-wkf-c203="" id="infos-special-pictos"><!----><!----></div></eg-product-info-pictos></header><div _ngcontent-wkf-c236="" class="body"><!----><div _ngcontent-wkf-c236="" class="labels"><div _ngcontent-wkf-c236="" class="labels-container"></div><eg-products-info-top-fide _ngcontent-wkf-c236="" _nghost-wkf-c200=""><!----></eg-products-info-top-fide></div><div _ngcontent-wkf-c236="" id="category"><h5 _ngcontent-wkf-c236="" class="category"><span _ngcontent-wkf-c236="" class="txt ng-star-inserted">SELECTION CABIRON</span><!----><!----></h5><eg-product-temperature-block _ngcontent-wkf-c236="" _nghost-wkf-c202=""><!----><!----></eg-product-temperature-block></div><div _ngcontent-wkf-c236="" class="title-wrapper"><a _ngcontent-wkf-c236=""><h3 _ngcontent-wkf-c236="" class="title">Pot à glace 5oz 4 couleurs
86x74x51mm</h3><!----></a></div><p _ngcontent-wkf-c236="" class="text"> Sachet de 50 portions.<br _ngcontent-wkf-c236="" class="ng-star-inserted"><!----><!----><!----><!----></p><footer _ngcontent-wkf-c236=""><eg-gabarit-price _ngcontent-wkf-c236="" _nghost-wkf-c235="" class="ng-star-inserted"><div _ngcontent-wkf-c235="" class="price"> 2,49€ <!----></div><div _ngcontent-wkf-c235="" class="extra-wrapper"><div _ngcontent-wkf-c235="" class="extra"><div _ngcontent-wkf-c235=""><strong _ngcontent-wkf-c235=""><eg-product-trade-prices _ngcontent-wkf-c235="" _nghost-wkf-c155=""><div _ngcontent-wkf-c155="" class="prices-unity">Soit 2,49€ / PC </div><!----><div _ngcontent-wkf-c155="" class="prices-unity prices-other ng-star-inserted">Soit 0,05€ / portions </div><!----><!----></eg-product-trade-prices></strong> Code : 212171<br _ngcontent-wkf-c235=""></div></div><button _ngcontent-wkf-c235="" type="button" class="btn btn__icon__basic"><svg _ngcontent-wkf-c235="" xmlns="http://www.w3.org/2000/svg" viewBox="0 0 19 17.08" width="37" height="34"><path _ngcontent-wkf-c235="" d="M14.25,17.08a1.88,1.88,0,1,1,1.88-1.88A1.88,1.88,0,0,1,14.25,17.08Zm0-3.05a1.18,1.18,0,1,0,1.18,1.18A1.18,1.18,0,0,0,14.25,14Z"></path><path _ngcontent-wkf-c235="" d="M6.65,17.08A1.88,1.88,0,1,1,8.53,15.2,1.88,1.88,0,0,1,6.65,17.08Zm0-3.05A1.18,1.18,0,1,0,7.83,15.2,1.18,1.18,0,0,0,6.65,14Z"></path><path _ngcontent-wkf-c235="" d="M16.7,8.49,5.15,10,3.72,3H18Zm2.22-6a.41.41,0,0,0-.32-.15h-15l-.4-2c0-.15-.24-.31-.4-.31H.4A.37.37,0,0,0,0,.39.37.37,0,0,0,.4.77H2.45l1.9,9.42A2.77,2.77,0,0,0,7,12.35h9.1a.39.39,0,1,0,0-.77h-9a1.84,1.84,0,0,1-1.58-.85L17.1,9.19a.34.34,0,0,0,.32-.31L19,2.7A.37.37,0,0,0,18.92,2.47Z"></path></svg></button></div></eg-gabarit-price><!----></footer></div></div><!----></div><!----><!----><!----><!----><!----><!----></eg-gabarit-basic><!----><!----><eg-gabarit-basic _ngcontent-wkf-c237="" _nghost-wkf-c236="" id="masonry-item-11" class="ng-star-inserted"><div _ngcontent-wkf-c236="" ngxmasonryitem="" class="Décors Emballages Matériel gabarit gabarit__xs gabarit__xs__1 grid-item ng-star-inserted" style="position: absolute; left: 201px; top: 1853.03px; opacity: 1; transition-property: opacity, transform; transition-duration: 0.4s; transition-delay: 0ms;"><div _ngcontent-wkf-c236="" class="wrapper ng-star-inserted"><!----><header _ngcontent-wkf-c236="" class="header"><img _ngcontent-wkf-c236="" class="hidded" src="https://cstatic.transgourmet.fr/tg-ecommerce/images/products/detail/210895.jpg"><a _ngcontent-wkf-c236=""><img _ngcontent-wkf-c236="" class="visuel ng-star-inserted" src="https://cstatic.transgourmet.fr/tg-ecommerce/images/products/detail/210895.jpg"><!----><!----><!----></a><eg-product-info-pictos _ngcontent-wkf-c236="" _nghost-wkf-c203=""><div _ngcontent-wkf-c203="" id="infos-special-pictos"><!----><!----></div></eg-product-info-pictos></header><div _ngcontent-wkf-c236="" class="body"><eg-products-info-top-cartouche _ngcontent-wkf-c236="" _nghost-wkf-c199="" class="ng-star-inserted"><div _ngcontent-wkf-c199="" id="infos-top" class="d-flex justify-content-end infos-top infos-top-body infos-top-cartouche ng-star-inserted"><div _ngcontent-wkf-c199="" id="infos-top__stripe" class="d-flex align-items-center justify-content-center infos-top__stripe"><img _ngcontent-wkf-c199="" src="assets/images/cartouche/promo.png"></div></div><!----></eg-products-info-top-cartouche><!----><div _ngcontent-wkf-c236="" class="labels"><div _ngcontent-wkf-c236="" class="labels-container"></div><eg-products-info-top-fide _ngcontent-wkf-c236="" _nghost-wkf-c200=""><!----></eg-products-info-top-fide></div><div _ngcontent-wkf-c236="" id="category"><h5 _ngcontent-wkf-c236="" class="category"><!----><!----></h5><eg-product-temperature-block _ngcontent-wkf-c236="" _nghost-wkf-c202=""><!----><!----></eg-product-temperature-block></div><div _ngcontent-wkf-c236="" class="title-wrapper"><a _ngcontent-wkf-c236=""><h3 _ngcontent-wkf-c236="" class="title">Discor languette
diam. 8 cm</h3><!----></a></div><p _ngcontent-wkf-c236="" class="text"> Paquet de 200 portions.<br _ngcontent-wkf-c236="" class="ng-star-inserted"><!----><!----><!----><!----></p><footer _ngcontent-wkf-c236=""><eg-gabarit-price _ngcontent-wkf-c236="" _nghost-wkf-c235="" class="ng-star-inserted"><div _ngcontent-wkf-c235="" class="price"> 8,59€ <!----></div><div _ngcontent-wkf-c235="" class="extra-wrapper"><div _ngcontent-wkf-c235="" class="extra"><div _ngcontent-wkf-c235=""><strong _ngcontent-wkf-c235=""><eg-product-trade-prices _ngcontent-wkf-c235="" _nghost-wkf-c155=""><div _ngcontent-wkf-c155="" class="prices-unity">Soit 8,59€ / PC </div><!----><div _ngcontent-wkf-c155="" class="prices-unity prices-other ng-star-inserted">Soit 0,04€ / portions </div><!----><!----></eg-product-trade-prices></strong> Code : 211896<br _ngcontent-wkf-c235=""></div></div><button _ngcontent-wkf-c235="" type="button" class="btn btn__icon__basic"><svg _ngcontent-wkf-c235="" xmlns="http://www.w3.org/2000/svg" viewBox="0 0 19 17.08" width="37" height="34"><path _ngcontent-wkf-c235="" d="M14.25,17.08a1.88,1.88,0,1,1,1.88-1.88A1.88,1.88,0,0,1,14.25,17.08Zm0-3.05a1.18,1.18,0,1,0,1.18,1.18A1.18,1.18,0,0,0,14.25,14Z"></path><path _ngcontent-wkf-c235="" d="M6.65,17.08A1.88,1.88,0,1,1,8.53,15.2,1.88,1.88,0,0,1,6.65,17.08Zm0-3.05A1.18,1.18,0,1,0,7.83,15.2,1.18,1.18,0,0,0,6.65,14Z"></path><path _ngcontent-wkf-c235="" d="M16.7,8.49,5.15,10,3.72,3H18Zm2.22-6a.41.41,0,0,0-.32-.15h-15l-.4-2c0-.15-.24-.31-.4-.31H.4A.37.37,0,0,0,0,.39.37.37,0,0,0,.4.77H2.45l1.9,9.42A2.77,2.77,0,0,0,7,12.35h9.1a.39.39,0,1,0,0-.77h-9a1.84,1.84,0,0,1-1.58-.85L17.1,9.19a.34.34,0,0,0,.32-.31L19,2.7A.37.37,0,0,0,18.92,2.47Z"></path></svg></button></div></eg-gabarit-price><!----></footer></div></div><!----></div><!----><!----><!----><!----><!----><!----></eg-gabarit-basic><!----><!----><eg-gabarit-basic _ngcontent-wkf-c237="" _nghost-wkf-c236="" id="masonry-item-12" class="ng-star-inserted"><div _ngcontent-wkf-c236="" ngxmasonryitem="" class="Décors Emballages Matériel gabarit gabarit__xs gabarit__xs__1 grid-item ng-star-inserted" style="position: absolute; left: 0px; top: 2227.24px; opacity: 1; transition-property: opacity, transform; transition-duration: 0.4s; transition-delay: 0ms;"><div _ngcontent-wkf-c236="" class="wrapper ng-star-inserted"><!----><header _ngcontent-wkf-c236="" class="header"><img _ngcontent-wkf-c236="" class="hidded" src="https://cstatic.transgourmet.fr/tg-ecommerce/images/products/detail/212187.jpg"><a _ngcontent-wkf-c236=""><img _ngcontent-wkf-c236="" class="visuel ng-star-inserted" src="https://cstatic.transgourmet.fr/tg-ecommerce/images/products/detail/212187.jpg"><!----><!----><!----></a><eg-product-info-pictos _ngcontent-wkf-c236="" _nghost-wkf-c203=""><div _ngcontent-wkf-c203="" id="infos-special-pictos"><!----><!----></div></eg-product-info-pictos></header><div _ngcontent-wkf-c236="" class="body"><eg-products-info-top-cartouche _ngcontent-wkf-c236="" _nghost-wkf-c199="" class="ng-star-inserted"><div _ngcontent-wkf-c199="" id="infos-top" class="d-flex justify-content-end infos-top infos-top-body infos-top-cartouche ng-star-inserted"><div _ngcontent-wkf-c199="" id="infos-top__stripe" class="d-flex align-items-center justify-content-center infos-top__stripe"><img _ngcontent-wkf-c199="" src="assets/images/cartouche/promo.png"></div></div><!----></eg-products-info-top-cartouche><!----><div _ngcontent-wkf-c236="" class="labels"><div _ngcontent-wkf-c236="" class="labels-container"></div><eg-products-info-top-fide _ngcontent-wkf-c236="" _nghost-wkf-c200=""><div _ngcontent-wkf-c200="" id="info-top-fide" class="d-flex flex-row justify-content-end ng-star-inserted"><div _ngcontent-wkf-c200="" class="d-flex flex-row-reverse justify-content-between w-100"><div _ngcontent-wkf-c200="" class="order-2 points-gourmets ng-star-inserted" title="2 points /&nbsp;paquet"><div _ngcontent-wkf-c200="" class="points">2</div><div _ngcontent-wkf-c200="" class="unit carre"><span _ngcontent-wkf-c200="">/&nbsp;paquet</span></div><img _ngcontent-wkf-c200="" src="assets/images/points-gourmets.553b6337.jpg" alt=""></div><!----><div _ngcontent-wkf-c200="" class="order-1 points-labo ng-star-inserted" title="1 points /&nbsp;paquet"><div _ngcontent-wkf-c200="" class="points">1</div><div _ngcontent-wkf-c200="" class="unit labo"><span _ngcontent-wkf-c200="">/&nbsp;paquet</span></div><img _ngcontent-wkf-c200="" src="assets/images/points-labo.54e2fda2.jpg" alt=""></div><!----></div></div><!----></eg-products-info-top-fide></div><div _ngcontent-wkf-c236="" id="category"><h5 _ngcontent-wkf-c236="" class="category"><!----><!----></h5><eg-product-temperature-block _ngcontent-wkf-c236="" _nghost-wkf-c202=""><!----><!----></eg-product-temperature-block></div><div _ngcontent-wkf-c236="" class="title-wrapper"><a _ngcontent-wkf-c236=""><h3 _ngcontent-wkf-c236="" class="title">Poche patissière jetable 80m
utilisation froide
dim. 30x54cm</h3><!----></a></div><p _ngcontent-wkf-c236="" class="text"> Paquet de 100 portions.<br _ngcontent-wkf-c236="" class="ng-star-inserted"><!----><!----><!----><!----></p><footer _ngcontent-wkf-c236=""><eg-gabarit-price _ngcontent-wkf-c236="" _nghost-wkf-c235="" class="ng-star-inserted"><div _ngcontent-wkf-c235="" class="price"> 15,19€ <!----></div><div _ngcontent-wkf-c235="" class="extra-wrapper"><div _ngcontent-wkf-c235="" class="extra"><div _ngcontent-wkf-c235=""><strong _ngcontent-wkf-c235=""><eg-product-trade-prices _ngcontent-wkf-c235="" _nghost-wkf-c155=""><div _ngcontent-wkf-c155="" class="prices-unity">Soit 15,19€ / PC </div><!----><div _ngcontent-wkf-c155="" class="prices-unity prices-other ng-star-inserted">Soit 0,15€ / portions </div><!----><!----></eg-product-trade-prices></strong> Code : 192703<br _ngcontent-wkf-c235=""></div></div><button _ngcontent-wkf-c235="" type="button" class="btn btn__icon__basic"><svg _ngcontent-wkf-c235="" xmlns="http://www.w3.org/2000/svg" viewBox="0 0 19 17.08" width="37" height="34"><path _ngcontent-wkf-c235="" d="M14.25,17.08a1.88,1.88,0,1,1,1.88-1.88A1.88,1.88,0,0,1,14.25,17.08Zm0-3.05a1.18,1.18,0,1,0,1.18,1.18A1.18,1.18,0,0,0,14.25,14Z"></path><path _ngcontent-wkf-c235="" d="M6.65,17.08A1.88,1.88,0,1,1,8.53,15.2,1.88,1.88,0,0,1,6.65,17.08Zm0-3.05A1.18,1.18,0,1,0,7.83,15.2,1.18,1.18,0,0,0,6.65,14Z"></path><path _ngcontent-wkf-c235="" d="M16.7,8.49,5.15,10,3.72,3H18Zm2.22-6a.41.41,0,0,0-.32-.15h-15l-.4-2c0-.15-.24-.31-.4-.31H.4A.37.37,0,0,0,0,.39.37.37,0,0,0,.4.77H2.45l1.9,9.42A2.77,2.77,0,0,0,7,12.35h9.1a.39.39,0,1,0,0-.77h-9a1.84,1.84,0,0,1-1.58-.85L17.1,9.19a.34.34,0,0,0,.32-.31L19,2.7A.37.37,0,0,0,18.92,2.47Z"></path></svg></button></div></eg-gabarit-price><!----></footer></div></div><!----></div><!----><!----><!----><!----><!----><!----></eg-gabarit-basic><!----><!----><eg-gabarit-basic _ngcontent-wkf-c237="" _nghost-wkf-c236="" id="masonry-item-13" class="ng-star-inserted"><div _ngcontent-wkf-c236="" ngxmasonryitem="" class="Décors Emballages Matériel gabarit gabarit__sm gabarit__sm__2 grid-item ng-star-inserted" style="position: absolute; left: 0px; top: 2609.84px; opacity: 1; transition-property: opacity, transform; transition-duration: 0.4s; transition-delay: 0ms;"><div _ngcontent-wkf-c236="" class="wrapper ng-star-inserted"><!----><header _ngcontent-wkf-c236="" class="header"><img _ngcontent-wkf-c236="" class="hidded" src="https://cstatic.transgourmet.fr/tg-ecommerce/images/products/detail/223404.jpg"><a _ngcontent-wkf-c236=""><img _ngcontent-wkf-c236="" class="visuel ng-star-inserted" src="https://cstatic.transgourmet.fr/tg-ecommerce/images/products/detail/223404.jpg"><!----><!----><!----></a><eg-product-info-pictos _ngcontent-wkf-c236="" _nghost-wkf-c203=""><div _ngcontent-wkf-c203="" id="infos-special-pictos"><!----><!----></div></eg-product-info-pictos></header><div _ngcontent-wkf-c236="" class="body"><eg-products-info-top-cartouche _ngcontent-wkf-c236="" _nghost-wkf-c199="" class="ng-star-inserted"><div _ngcontent-wkf-c199="" id="infos-top" class="d-flex justify-content-end infos-top infos-top-body infos-top-cartouche ng-star-inserted"><div _ngcontent-wkf-c199="" id="infos-top__stripe" class="d-flex align-items-center justify-content-center infos-top__stripe"><img _ngcontent-wkf-c199="" src="assets/images/cartouche/promo.png"></div></div><!----></eg-products-info-top-cartouche><!----><div _ngcontent-wkf-c236="" class="labels"><div _ngcontent-wkf-c236="" class="labels-container"></div><eg-products-info-top-fide _ngcontent-wkf-c236="" _nghost-wkf-c200=""><!----></eg-products-info-top-fide></div><div _ngcontent-wkf-c236="" id="category"><h5 _ngcontent-wkf-c236="" class="category"><span _ngcontent-wkf-c236="" class="txt ng-star-inserted">ELITE</span><!----><!----></h5><eg-product-temperature-block _ngcontent-wkf-c236="" _nghost-wkf-c202=""><!----><!----></eg-product-temperature-block></div><div _ngcontent-wkf-c236="" class="title-wrapper"><a _ngcontent-wkf-c236=""><h3 _ngcontent-wkf-c236="" class="title">Boite pâtissière carrée élite
dim. 16x16x8 cm</h3><!----></a></div><p _ngcontent-wkf-c236="" class="text"> Paquet de 50 portions.<br _ngcontent-wkf-c236="" class="ng-star-inserted"><!----><!----><!----><!----></p><footer _ngcontent-wkf-c236=""><div _ngcontent-wkf-c236="" class="row ng-star-inserted"><div _ngcontent-wkf-c236="" class="col"><eg-gabarit-price _ngcontent-wkf-c236="" _nghost-wkf-c235=""><div _ngcontent-wkf-c235="" class="price"> 15,29€ <h3 _ngcontent-wkf-c235="" class="title ng-star-inserted">Boite pâtissière carrée élite
dim. 16x16x8 cm</h3><!----></div><div _ngcontent-wkf-c235="" class="extra-wrapper"><div _ngcontent-wkf-c235="" class="extra"><div _ngcontent-wkf-c235=""><strong _ngcontent-wkf-c235=""><eg-product-trade-prices _ngcontent-wkf-c235="" _nghost-wkf-c155=""><div _ngcontent-wkf-c155="" class="prices-unity">Soit 15,29€ / PC </div><!----><div _ngcontent-wkf-c155="" class="prices-unity prices-other ng-star-inserted">Soit 0,31€ / portions </div><!----><!----></eg-product-trade-prices></strong> Code : 223360<br _ngcontent-wkf-c235=""></div></div><button _ngcontent-wkf-c235="" type="button" class="btn btn__icon__basic"><svg _ngcontent-wkf-c235="" xmlns="http://www.w3.org/2000/svg" viewBox="0 0 19 17.08" width="37" height="34"><path _ngcontent-wkf-c235="" d="M14.25,17.08a1.88,1.88,0,1,1,1.88-1.88A1.88,1.88,0,0,1,14.25,17.08Zm0-3.05a1.18,1.18,0,1,0,1.18,1.18A1.18,1.18,0,0,0,14.25,14Z"></path><path _ngcontent-wkf-c235="" d="M6.65,17.08A1.88,1.88,0,1,1,8.53,15.2,1.88,1.88,0,0,1,6.65,17.08Zm0-3.05A1.18,1.18,0,1,0,7.83,15.2,1.18,1.18,0,0,0,6.65,14Z"></path><path _ngcontent-wkf-c235="" d="M16.7,8.49,5.15,10,3.72,3H18Zm2.22-6a.41.41,0,0,0-.32-.15h-15l-.4-2c0-.15-.24-.31-.4-.31H.4A.37.37,0,0,0,0,.39.37.37,0,0,0,.4.77H2.45l1.9,9.42A2.77,2.77,0,0,0,7,12.35h9.1a.39.39,0,1,0,0-.77h-9a1.84,1.84,0,0,1-1.58-.85L17.1,9.19a.34.34,0,0,0,.32-.31L19,2.7A.37.37,0,0,0,18.92,2.47Z"></path></svg></button></div></eg-gabarit-price></div><div _ngcontent-wkf-c236="" class="col ng-star-inserted"><eg-gabarit-price _ngcontent-wkf-c236="" _nghost-wkf-c235=""><div _ngcontent-wkf-c235="" class="price"> 16,90€ <h3 _ngcontent-wkf-c235="" class="title ng-star-inserted">Boîte pâtissière carrée élite
dim. 18x18x8 cm</h3><!----></div><div _ngcontent-wkf-c235="" class="extra-wrapper"><div _ngcontent-wkf-c235="" class="extra"><div _ngcontent-wkf-c235=""><strong _ngcontent-wkf-c235=""><eg-product-trade-prices _ngcontent-wkf-c235="" _nghost-wkf-c155=""><div _ngcontent-wkf-c155="" class="prices-unity">Soit 16,90€ / PC </div><!----><div _ngcontent-wkf-c155="" class="prices-unity prices-other ng-star-inserted">Soit 0,34€ / portions </div><!----><!----></eg-product-trade-prices></strong> Code : 223361<br _ngcontent-wkf-c235=""></div></div><button _ngcontent-wkf-c235="" type="button" class="btn btn__icon__basic"><svg _ngcontent-wkf-c235="" xmlns="http://www.w3.org/2000/svg" viewBox="0 0 19 17.08" width="37" height="34"><path _ngcontent-wkf-c235="" d="M14.25,17.08a1.88,1.88,0,1,1,1.88-1.88A1.88,1.88,0,0,1,14.25,17.08Zm0-3.05a1.18,1.18,0,1,0,1.18,1.18A1.18,1.18,0,0,0,14.25,14Z"></path><path _ngcontent-wkf-c235="" d="M6.65,17.08A1.88,1.88,0,1,1,8.53,15.2,1.88,1.88,0,0,1,6.65,17.08Zm0-3.05A1.18,1.18,0,1,0,7.83,15.2,1.18,1.18,0,0,0,6.65,14Z"></path><path _ngcontent-wkf-c235="" d="M16.7,8.49,5.15,10,3.72,3H18Zm2.22-6a.41.41,0,0,0-.32-.15h-15l-.4-2c0-.15-.24-.31-.4-.31H.4A.37.37,0,0,0,0,.39.37.37,0,0,0,.4.77H2.45l1.9,9.42A2.77,2.77,0,0,0,7,12.35h9.1a.39.39,0,1,0,0-.77h-9a1.84,1.84,0,0,1-1.58-.85L17.1,9.19a.34.34,0,0,0,.32-.31L19,2.7A.37.37,0,0,0,18.92,2.47Z"></path></svg></button></div></eg-gabarit-price></div><!----><!----><div _ngcontent-wkf-c236="" class="col ng-star-inserted"><eg-gabarit-price _ngcontent-wkf-c236="" _nghost-wkf-c235=""><div _ngcontent-wkf-c235="" class="price"> 25,79€ <h3 _ngcontent-wkf-c235="" class="title ng-star-inserted">Boîte pâtissière carrée élite
dim. 25x25x8 cm</h3><!----></div><div _ngcontent-wkf-c235="" class="extra-wrapper"><div _ngcontent-wkf-c235="" class="extra"><div _ngcontent-wkf-c235=""><strong _ngcontent-wkf-c235=""><eg-product-trade-prices _ngcontent-wkf-c235="" _nghost-wkf-c155=""><div _ngcontent-wkf-c155="" class="prices-unity">Soit 25,79€ / PC </div><!----><div _ngcontent-wkf-c155="" class="prices-unity prices-other ng-star-inserted">Soit 0,52€ / portions </div><!----><!----></eg-product-trade-prices></strong> Code : 223364<br _ngcontent-wkf-c235=""></div></div><button _ngcontent-wkf-c235="" type="button" class="btn btn__icon__basic"><svg _ngcontent-wkf-c235="" xmlns="http://www.w3.org/2000/svg" viewBox="0 0 19 17.08" width="37" height="34"><path _ngcontent-wkf-c235="" d="M14.25,17.08a1.88,1.88,0,1,1,1.88-1.88A1.88,1.88,0,0,1,14.25,17.08Zm0-3.05a1.18,1.18,0,1,0,1.18,1.18A1.18,1.18,0,0,0,14.25,14Z"></path><path _ngcontent-wkf-c235="" d="M6.65,17.08A1.88,1.88,0,1,1,8.53,15.2,1.88,1.88,0,0,1,6.65,17.08Zm0-3.05A1.18,1.18,0,1,0,7.83,15.2,1.18,1.18,0,0,0,6.65,14Z"></path><path _ngcontent-wkf-c235="" d="M16.7,8.49,5.15,10,3.72,3H18Zm2.22-6a.41.41,0,0,0-.32-.15h-15l-.4-2c0-.15-.24-.31-.4-.31H.4A.37.37,0,0,0,0,.39.37.37,0,0,0,.4.77H2.45l1.9,9.42A2.77,2.77,0,0,0,7,12.35h9.1a.39.39,0,1,0,0-.77h-9a1.84,1.84,0,0,1-1.58-.85L17.1,9.19a.34.34,0,0,0,.32-.31L19,2.7A.37.37,0,0,0,18.92,2.47Z"></path></svg></button></div></eg-gabarit-price></div><!----><!----><div _ngcontent-wkf-c236="" class="col ng-star-inserted"><eg-gabarit-price _ngcontent-wkf-c236="" _nghost-wkf-c235=""><div _ngcontent-wkf-c235="" class="price"> 18,49€ <h3 _ngcontent-wkf-c235="" class="title ng-star-inserted">Boîte pâtissière carrée élite
dim. 20x20x8 cm</h3><!----></div><div _ngcontent-wkf-c235="" class="extra-wrapper"><div _ngcontent-wkf-c235="" class="extra"><div _ngcontent-wkf-c235=""><strong _ngcontent-wkf-c235=""><eg-product-trade-prices _ngcontent-wkf-c235="" _nghost-wkf-c155=""><div _ngcontent-wkf-c155="" class="prices-unity">Soit 18,49€ / PC </div><!----><div _ngcontent-wkf-c155="" class="prices-unity prices-other ng-star-inserted">Soit 0,37€ / portions </div><!----><!----></eg-product-trade-prices></strong> Code : 223362<br _ngcontent-wkf-c235=""></div></div><button _ngcontent-wkf-c235="" type="button" class="btn btn__icon__basic"><svg _ngcontent-wkf-c235="" xmlns="http://www.w3.org/2000/svg" viewBox="0 0 19 17.08" width="37" height="34"><path _ngcontent-wkf-c235="" d="M14.25,17.08a1.88,1.88,0,1,1,1.88-1.88A1.88,1.88,0,0,1,14.25,17.08Zm0-3.05a1.18,1.18,0,1,0,1.18,1.18A1.18,1.18,0,0,0,14.25,14Z"></path><path _ngcontent-wkf-c235="" d="M6.65,17.08A1.88,1.88,0,1,1,8.53,15.2,1.88,1.88,0,0,1,6.65,17.08Zm0-3.05A1.18,1.18,0,1,0,7.83,15.2,1.18,1.18,0,0,0,6.65,14Z"></path><path _ngcontent-wkf-c235="" d="M16.7,8.49,5.15,10,3.72,3H18Zm2.22-6a.41.41,0,0,0-.32-.15h-15l-.4-2c0-.15-.24-.31-.4-.31H.4A.37.37,0,0,0,0,.39.37.37,0,0,0,.4.77H2.45l1.9,9.42A2.77,2.77,0,0,0,7,12.35h9.1a.39.39,0,1,0,0-.77h-9a1.84,1.84,0,0,1-1.58-.85L17.1,9.19a.34.34,0,0,0,.32-.31L19,2.7A.37.37,0,0,0,18.92,2.47Z"></path></svg></button></div></eg-gabarit-price></div><!----><!----><div _ngcontent-wkf-c236="" class="col ng-star-inserted"><eg-gabarit-price _ngcontent-wkf-c236="" _nghost-wkf-c235=""><div _ngcontent-wkf-c235="" class="price"> 31,09€ <h3 _ngcontent-wkf-c235="" class="title ng-star-inserted">Boîte pâtissière carré élite
dim. 28x28x8 cm</h3><!----></div><div _ngcontent-wkf-c235="" class="extra-wrapper"><div _ngcontent-wkf-c235="" class="extra"><div _ngcontent-wkf-c235=""><strong _ngcontent-wkf-c235=""><eg-product-trade-prices _ngcontent-wkf-c235="" _nghost-wkf-c155=""><div _ngcontent-wkf-c155="" class="prices-unity">Soit 31,09€ / PC </div><!----><div _ngcontent-wkf-c155="" class="prices-unity prices-other ng-star-inserted">Soit 0,62€ / portions </div><!----><!----></eg-product-trade-prices></strong> Code : 223365<br _ngcontent-wkf-c235=""></div></div><button _ngcontent-wkf-c235="" type="button" class="btn btn__icon__basic"><svg _ngcontent-wkf-c235="" xmlns="http://www.w3.org/2000/svg" viewBox="0 0 19 17.08" width="37" height="34"><path _ngcontent-wkf-c235="" d="M14.25,17.08a1.88,1.88,0,1,1,1.88-1.88A1.88,1.88,0,0,1,14.25,17.08Zm0-3.05a1.18,1.18,0,1,0,1.18,1.18A1.18,1.18,0,0,0,14.25,14Z"></path><path _ngcontent-wkf-c235="" d="M6.65,17.08A1.88,1.88,0,1,1,8.53,15.2,1.88,1.88,0,0,1,6.65,17.08Zm0-3.05A1.18,1.18,0,1,0,7.83,15.2,1.18,1.18,0,0,0,6.65,14Z"></path><path _ngcontent-wkf-c235="" d="M16.7,8.49,5.15,10,3.72,3H18Zm2.22-6a.41.41,0,0,0-.32-.15h-15l-.4-2c0-.15-.24-.31-.4-.31H.4A.37.37,0,0,0,0,.39.37.37,0,0,0,.4.77H2.45l1.9,9.42A2.77,2.77,0,0,0,7,12.35h9.1a.39.39,0,1,0,0-.77h-9a1.84,1.84,0,0,1-1.58-.85L17.1,9.19a.34.34,0,0,0,.32-.31L19,2.7A.37.37,0,0,0,18.92,2.47Z"></path></svg></button></div></eg-gabarit-price></div><!----><!----><div _ngcontent-wkf-c236="" class="col ng-star-inserted"><eg-gabarit-price _ngcontent-wkf-c236="" _nghost-wkf-c235=""><div _ngcontent-wkf-c235="" class="price"> 20,39€ <h3 _ngcontent-wkf-c235="" class="title ng-star-inserted">Boîte pâtissière carrée élite
dim. 22x22x8 cm</h3><!----></div><div _ngcontent-wkf-c235="" class="extra-wrapper"><div _ngcontent-wkf-c235="" class="extra"><div _ngcontent-wkf-c235=""><strong _ngcontent-wkf-c235=""><eg-product-trade-prices _ngcontent-wkf-c235="" _nghost-wkf-c155=""><div _ngcontent-wkf-c155="" class="prices-unity">Soit 20,39€ / PC </div><!----><div _ngcontent-wkf-c155="" class="prices-unity prices-other ng-star-inserted">Soit 0,41€ / portions </div><!----><!----></eg-product-trade-prices></strong> Code : 223363<br _ngcontent-wkf-c235=""></div></div><button _ngcontent-wkf-c235="" type="button" class="btn btn__icon__basic"><svg _ngcontent-wkf-c235="" xmlns="http://www.w3.org/2000/svg" viewBox="0 0 19 17.08" width="37" height="34"><path _ngcontent-wkf-c235="" d="M14.25,17.08a1.88,1.88,0,1,1,1.88-1.88A1.88,1.88,0,0,1,14.25,17.08Zm0-3.05a1.18,1.18,0,1,0,1.18,1.18A1.18,1.18,0,0,0,14.25,14Z"></path><path _ngcontent-wkf-c235="" d="M6.65,17.08A1.88,1.88,0,1,1,8.53,15.2,1.88,1.88,0,0,1,6.65,17.08Zm0-3.05A1.18,1.18,0,1,0,7.83,15.2,1.18,1.18,0,0,0,6.65,14Z"></path><path _ngcontent-wkf-c235="" d="M16.7,8.49,5.15,10,3.72,3H18Zm2.22-6a.41.41,0,0,0-.32-.15h-15l-.4-2c0-.15-.24-.31-.4-.31H.4A.37.37,0,0,0,0,.39.37.37,0,0,0,.4.77H2.45l1.9,9.42A2.77,2.77,0,0,0,7,12.35h9.1a.39.39,0,1,0,0-.77h-9a1.84,1.84,0,0,1-1.58-.85L17.1,9.19a.34.34,0,0,0,.32-.31L19,2.7A.37.37,0,0,0,18.92,2.47Z"></path></svg></button></div></eg-gabarit-price></div><!----><!----><div _ngcontent-wkf-c236="" class="col ng-star-inserted"><eg-gabarit-price _ngcontent-wkf-c236="" _nghost-wkf-c235=""><div _ngcontent-wkf-c235="" class="price"> 44,09€ <h3 _ngcontent-wkf-c235="" class="title ng-star-inserted">Boîte pâtissière carrée élite
dim. 32x32x8 cm</h3><!----></div><div _ngcontent-wkf-c235="" class="extra-wrapper"><div _ngcontent-wkf-c235="" class="extra"><div _ngcontent-wkf-c235=""><strong _ngcontent-wkf-c235=""><eg-product-trade-prices _ngcontent-wkf-c235="" _nghost-wkf-c155=""><div _ngcontent-wkf-c155="" class="prices-unity">Soit 44,09€ / PC </div><!----><div _ngcontent-wkf-c155="" class="prices-unity prices-other ng-star-inserted">Soit 0,88€ / portions </div><!----><!----></eg-product-trade-prices></strong> Code : 223366<br _ngcontent-wkf-c235=""></div></div><button _ngcontent-wkf-c235="" type="button" class="btn btn__icon__basic"><svg _ngcontent-wkf-c235="" xmlns="http://www.w3.org/2000/svg" viewBox="0 0 19 17.08" width="37" height="34"><path _ngcontent-wkf-c235="" d="M14.25,17.08a1.88,1.88,0,1,1,1.88-1.88A1.88,1.88,0,0,1,14.25,17.08Zm0-3.05a1.18,1.18,0,1,0,1.18,1.18A1.18,1.18,0,0,0,14.25,14Z"></path><path _ngcontent-wkf-c235="" d="M6.65,17.08A1.88,1.88,0,1,1,8.53,15.2,1.88,1.88,0,0,1,6.65,17.08Zm0-3.05A1.18,1.18,0,1,0,7.83,15.2,1.18,1.18,0,0,0,6.65,14Z"></path><path _ngcontent-wkf-c235="" d="M16.7,8.49,5.15,10,3.72,3H18Zm2.22-6a.41.41,0,0,0-.32-.15h-15l-.4-2c0-.15-.24-.31-.4-.31H.4A.37.37,0,0,0,0,.39.37.37,0,0,0,.4.77H2.45l1.9,9.42A2.77,2.77,0,0,0,7,12.35h9.1a.39.39,0,1,0,0-.77h-9a1.84,1.84,0,0,1-1.58-.85L17.1,9.19a.34.34,0,0,0,.32-.31L19,2.7A.37.37,0,0,0,18.92,2.47Z"></path></svg></button></div></eg-gabarit-price></div><!----><!----><!----></div><!----><!----></footer></div></div><!----></div><!----><!----><!----><!----><!----><!----></eg-gabarit-basic><!----><!----><eg-gabarit-basic _ngcontent-wkf-c237="" _nghost-wkf-c236="" id="masonry-item-14" class="ng-star-inserted"><div _ngcontent-wkf-c236="" ngxmasonryitem="" class="Décors Emballages Matériel gabarit gabarit__sm gabarit__sm__2 grid-item ng-star-inserted" style="position: absolute; left: 0px; top: 3334.64px; opacity: 1; transition-property: opacity, transform; transition-duration: 0.4s; transition-delay: 0ms;"><div _ngcontent-wkf-c236="" class="wrapper ng-star-inserted"><!----><header _ngcontent-wkf-c236="" class="header"><img _ngcontent-wkf-c236="" class="hidded" src="https://cstatic.transgourmet.fr/tg-ecommerce/images/products/detail/211165.jpg"><a _ngcontent-wkf-c236=""><img _ngcontent-wkf-c236="" class="visuel ng-star-inserted" src="https://cstatic.transgourmet.fr/tg-ecommerce/images/products/detail/211165.jpg"><!----><!----><!----></a><eg-product-info-pictos _ngcontent-wkf-c236="" _nghost-wkf-c203=""><div _ngcontent-wkf-c203="" id="infos-special-pictos"><!----><!----></div></eg-product-info-pictos></header><div _ngcontent-wkf-c236="" class="body"><eg-products-info-top-cartouche _ngcontent-wkf-c236="" _nghost-wkf-c199="" class="ng-star-inserted"><div _ngcontent-wkf-c199="" id="infos-top" class="d-flex justify-content-end infos-top infos-top-body infos-top-cartouche ng-star-inserted"><div _ngcontent-wkf-c199="" id="infos-top__stripe" class="d-flex align-items-center justify-content-center infos-top__stripe"><img _ngcontent-wkf-c199="" src="assets/images/cartouche/promo.png"></div></div><!----></eg-products-info-top-cartouche><!----><div _ngcontent-wkf-c236="" class="labels"><div _ngcontent-wkf-c236="" class="labels-container"></div><eg-products-info-top-fide _ngcontent-wkf-c236="" _nghost-wkf-c200=""><!----></eg-products-info-top-fide></div><div _ngcontent-wkf-c236="" id="category"><h5 _ngcontent-wkf-c236="" class="category"><span _ngcontent-wkf-c236="" class="txt ng-star-inserted">ELITE</span><!----><!----></h5><eg-product-temperature-block _ngcontent-wkf-c236="" _nghost-wkf-c202=""><!----><!----></eg-product-temperature-block></div><div _ngcontent-wkf-c236="" class="title-wrapper"><a _ngcontent-wkf-c236=""><h3 _ngcontent-wkf-c236="" class="title">Boîte pâtissière carrée élite
dim. 16x16x5 cm</h3><!----></a></div><p _ngcontent-wkf-c236="" class="text"> Paquet de 50 portions.<br _ngcontent-wkf-c236="" class="ng-star-inserted"><!----><!----><!----><!----></p><footer _ngcontent-wkf-c236=""><div _ngcontent-wkf-c236="" class="row ng-star-inserted"><div _ngcontent-wkf-c236="" class="col"><eg-gabarit-price _ngcontent-wkf-c236="" _nghost-wkf-c235=""><div _ngcontent-wkf-c235="" class="price"> 11,89€ <h3 _ngcontent-wkf-c235="" class="title ng-star-inserted">Boîte pâtissière carrée élite
dim. 16x16x5 cm</h3><!----></div><div _ngcontent-wkf-c235="" class="extra-wrapper"><div _ngcontent-wkf-c235="" class="extra"><div _ngcontent-wkf-c235=""><strong _ngcontent-wkf-c235=""><eg-product-trade-prices _ngcontent-wkf-c235="" _nghost-wkf-c155=""><div _ngcontent-wkf-c155="" class="prices-unity">Soit 11,89€ / PC </div><!----><div _ngcontent-wkf-c155="" class="prices-unity prices-other ng-star-inserted">Soit 0,24€ / portions </div><!----><!----></eg-product-trade-prices></strong> Code : 223353<br _ngcontent-wkf-c235=""></div></div><button _ngcontent-wkf-c235="" type="button" class="btn btn__icon__basic"><svg _ngcontent-wkf-c235="" xmlns="http://www.w3.org/2000/svg" viewBox="0 0 19 17.08" width="37" height="34"><path _ngcontent-wkf-c235="" d="M14.25,17.08a1.88,1.88,0,1,1,1.88-1.88A1.88,1.88,0,0,1,14.25,17.08Zm0-3.05a1.18,1.18,0,1,0,1.18,1.18A1.18,1.18,0,0,0,14.25,14Z"></path><path _ngcontent-wkf-c235="" d="M6.65,17.08A1.88,1.88,0,1,1,8.53,15.2,1.88,1.88,0,0,1,6.65,17.08Zm0-3.05A1.18,1.18,0,1,0,7.83,15.2,1.18,1.18,0,0,0,6.65,14Z"></path><path _ngcontent-wkf-c235="" d="M16.7,8.49,5.15,10,3.72,3H18Zm2.22-6a.41.41,0,0,0-.32-.15h-15l-.4-2c0-.15-.24-.31-.4-.31H.4A.37.37,0,0,0,0,.39.37.37,0,0,0,.4.77H2.45l1.9,9.42A2.77,2.77,0,0,0,7,12.35h9.1a.39.39,0,1,0,0-.77h-9a1.84,1.84,0,0,1-1.58-.85L17.1,9.19a.34.34,0,0,0,.32-.31L19,2.7A.37.37,0,0,0,18.92,2.47Z"></path></svg></button></div></eg-gabarit-price></div><div _ngcontent-wkf-c236="" class="col ng-star-inserted"><eg-gabarit-price _ngcontent-wkf-c236="" _nghost-wkf-c235=""><div _ngcontent-wkf-c235="" class="price"> 25,86€ <h3 _ngcontent-wkf-c235="" class="title ng-star-inserted">Boîte pâtissière carrée élite
dim. 29x29x5 cm</h3><!----></div><div _ngcontent-wkf-c235="" class="extra-wrapper"><div _ngcontent-wkf-c235="" class="extra"><div _ngcontent-wkf-c235=""><strong _ngcontent-wkf-c235=""><eg-product-trade-prices _ngcontent-wkf-c235="" _nghost-wkf-c155=""><div _ngcontent-wkf-c155="" class="prices-unity">Soit 25,86€ / PC </div><!----><div _ngcontent-wkf-c155="" class="prices-unity prices-other ng-star-inserted">Soit 0,52€ / portions </div><!----><!----></eg-product-trade-prices></strong> Code : 227917<br _ngcontent-wkf-c235=""></div></div><button _ngcontent-wkf-c235="" type="button" class="btn btn__icon__basic"><svg _ngcontent-wkf-c235="" xmlns="http://www.w3.org/2000/svg" viewBox="0 0 19 17.08" width="37" height="34"><path _ngcontent-wkf-c235="" d="M14.25,17.08a1.88,1.88,0,1,1,1.88-1.88A1.88,1.88,0,0,1,14.25,17.08Zm0-3.05a1.18,1.18,0,1,0,1.18,1.18A1.18,1.18,0,0,0,14.25,14Z"></path><path _ngcontent-wkf-c235="" d="M6.65,17.08A1.88,1.88,0,1,1,8.53,15.2,1.88,1.88,0,0,1,6.65,17.08Zm0-3.05A1.18,1.18,0,1,0,7.83,15.2,1.18,1.18,0,0,0,6.65,14Z"></path><path _ngcontent-wkf-c235="" d="M16.7,8.49,5.15,10,3.72,3H18Zm2.22-6a.41.41,0,0,0-.32-.15h-15l-.4-2c0-.15-.24-.31-.4-.31H.4A.37.37,0,0,0,0,.39.37.37,0,0,0,.4.77H2.45l1.9,9.42A2.77,2.77,0,0,0,7,12.35h9.1a.39.39,0,1,0,0-.77h-9a1.84,1.84,0,0,1-1.58-.85L17.1,9.19a.34.34,0,0,0,.32-.31L19,2.7A.37.37,0,0,0,18.92,2.47Z"></path></svg></button></div></eg-gabarit-price></div><!----><!----><div _ngcontent-wkf-c236="" class="col ng-star-inserted"><eg-gabarit-price _ngcontent-wkf-c236="" _nghost-wkf-c235=""><div _ngcontent-wkf-c235="" class="price"> 20,89€ <h3 _ngcontent-wkf-c235="" class="title ng-star-inserted">Boîte pâtissière carrée élite
dim. 26x26x5 cm</h3><!----></div><div _ngcontent-wkf-c235="" class="extra-wrapper"><div _ngcontent-wkf-c235="" class="extra"><div _ngcontent-wkf-c235=""><strong _ngcontent-wkf-c235=""><eg-product-trade-prices _ngcontent-wkf-c235="" _nghost-wkf-c155=""><div _ngcontent-wkf-c155="" class="prices-unity">Soit 20,89€ / PC </div><!----><div _ngcontent-wkf-c155="" class="prices-unity prices-other ng-star-inserted">Soit 0,42€ / portions </div><!----><!----></eg-product-trade-prices></strong> Code : 223357<br _ngcontent-wkf-c235=""></div></div><button _ngcontent-wkf-c235="" type="button" class="btn btn__icon__basic"><svg _ngcontent-wkf-c235="" xmlns="http://www.w3.org/2000/svg" viewBox="0 0 19 17.08" width="37" height="34"><path _ngcontent-wkf-c235="" d="M14.25,17.08a1.88,1.88,0,1,1,1.88-1.88A1.88,1.88,0,0,1,14.25,17.08Zm0-3.05a1.18,1.18,0,1,0,1.18,1.18A1.18,1.18,0,0,0,14.25,14Z"></path><path _ngcontent-wkf-c235="" d="M6.65,17.08A1.88,1.88,0,1,1,8.53,15.2,1.88,1.88,0,0,1,6.65,17.08Zm0-3.05A1.18,1.18,0,1,0,7.83,15.2,1.18,1.18,0,0,0,6.65,14Z"></path><path _ngcontent-wkf-c235="" d="M16.7,8.49,5.15,10,3.72,3H18Zm2.22-6a.41.41,0,0,0-.32-.15h-15l-.4-2c0-.15-.24-.31-.4-.31H.4A.37.37,0,0,0,0,.39.37.37,0,0,0,.4.77H2.45l1.9,9.42A2.77,2.77,0,0,0,7,12.35h9.1a.39.39,0,1,0,0-.77h-9a1.84,1.84,0,0,1-1.58-.85L17.1,9.19a.34.34,0,0,0,.32-.31L19,2.7A.37.37,0,0,0,18.92,2.47Z"></path></svg></button></div></eg-gabarit-price></div><!----><!----><div _ngcontent-wkf-c236="" class="col ng-star-inserted"><eg-gabarit-price _ngcontent-wkf-c236="" _nghost-wkf-c235=""><div _ngcontent-wkf-c235="" class="price"> 16,29€ <h3 _ngcontent-wkf-c235="" class="title ng-star-inserted">Boîte pâtissière carrée élite
dim. 23x23x5</h3><!----></div><div _ngcontent-wkf-c235="" class="extra-wrapper"><div _ngcontent-wkf-c235="" class="extra"><div _ngcontent-wkf-c235=""><strong _ngcontent-wkf-c235=""><eg-product-trade-prices _ngcontent-wkf-c235="" _nghost-wkf-c155=""><div _ngcontent-wkf-c155="" class="prices-unity">Soit 16,29€ / PC </div><!----><div _ngcontent-wkf-c155="" class="prices-unity prices-other ng-star-inserted">Soit 0,33€ / portions </div><!----><!----></eg-product-trade-prices></strong> Code : 223356<br _ngcontent-wkf-c235=""></div></div><button _ngcontent-wkf-c235="" type="button" class="btn btn__icon__basic"><svg _ngcontent-wkf-c235="" xmlns="http://www.w3.org/2000/svg" viewBox="0 0 19 17.08" width="37" height="34"><path _ngcontent-wkf-c235="" d="M14.25,17.08a1.88,1.88,0,1,1,1.88-1.88A1.88,1.88,0,0,1,14.25,17.08Zm0-3.05a1.18,1.18,0,1,0,1.18,1.18A1.18,1.18,0,0,0,14.25,14Z"></path><path _ngcontent-wkf-c235="" d="M6.65,17.08A1.88,1.88,0,1,1,8.53,15.2,1.88,1.88,0,0,1,6.65,17.08Zm0-3.05A1.18,1.18,0,1,0,7.83,15.2,1.18,1.18,0,0,0,6.65,14Z"></path><path _ngcontent-wkf-c235="" d="M16.7,8.49,5.15,10,3.72,3H18Zm2.22-6a.41.41,0,0,0-.32-.15h-15l-.4-2c0-.15-.24-.31-.4-.31H.4A.37.37,0,0,0,0,.39.37.37,0,0,0,.4.77H2.45l1.9,9.42A2.77,2.77,0,0,0,7,12.35h9.1a.39.39,0,1,0,0-.77h-9a1.84,1.84,0,0,1-1.58-.85L17.1,9.19a.34.34,0,0,0,.32-.31L19,2.7A.37.37,0,0,0,18.92,2.47Z"></path></svg></button></div></eg-gabarit-price></div><!----><!----><div _ngcontent-wkf-c236="" class="col ng-star-inserted"><eg-gabarit-price _ngcontent-wkf-c236="" _nghost-wkf-c235=""><div _ngcontent-wkf-c235="" class="price"> 13,09€ <h3 _ngcontent-wkf-c235="" class="title ng-star-inserted">Boîte pâtissière carrée élite
dim. 18x18x5 cm</h3><!----></div><div _ngcontent-wkf-c235="" class="extra-wrapper"><div _ngcontent-wkf-c235="" class="extra"><div _ngcontent-wkf-c235=""><strong _ngcontent-wkf-c235=""><eg-product-trade-prices _ngcontent-wkf-c235="" _nghost-wkf-c155=""><div _ngcontent-wkf-c155="" class="prices-unity">Soit 13,09€ / PC </div><!----><div _ngcontent-wkf-c155="" class="prices-unity prices-other ng-star-inserted">Soit 0,26€ / portions </div><!----><!----></eg-product-trade-prices></strong> Code : 223354<br _ngcontent-wkf-c235=""></div></div><button _ngcontent-wkf-c235="" type="button" class="btn btn__icon__basic"><svg _ngcontent-wkf-c235="" xmlns="http://www.w3.org/2000/svg" viewBox="0 0 19 17.08" width="37" height="34"><path _ngcontent-wkf-c235="" d="M14.25,17.08a1.88,1.88,0,1,1,1.88-1.88A1.88,1.88,0,0,1,14.25,17.08Zm0-3.05a1.18,1.18,0,1,0,1.18,1.18A1.18,1.18,0,0,0,14.25,14Z"></path><path _ngcontent-wkf-c235="" d="M6.65,17.08A1.88,1.88,0,1,1,8.53,15.2,1.88,1.88,0,0,1,6.65,17.08Zm0-3.05A1.18,1.18,0,1,0,7.83,15.2,1.18,1.18,0,0,0,6.65,14Z"></path><path _ngcontent-wkf-c235="" d="M16.7,8.49,5.15,10,3.72,3H18Zm2.22-6a.41.41,0,0,0-.32-.15h-15l-.4-2c0-.15-.24-.31-.4-.31H.4A.37.37,0,0,0,0,.39.37.37,0,0,0,.4.77H2.45l1.9,9.42A2.77,2.77,0,0,0,7,12.35h9.1a.39.39,0,1,0,0-.77h-9a1.84,1.84,0,0,1-1.58-.85L17.1,9.19a.34.34,0,0,0,.32-.31L19,2.7A.37.37,0,0,0,18.92,2.47Z"></path></svg></button></div></eg-gabarit-price></div><!----><!----><div _ngcontent-wkf-c236="" class="col ng-star-inserted"><eg-gabarit-price _ngcontent-wkf-c236="" _nghost-wkf-c235=""><div _ngcontent-wkf-c235="" class="price"> 38,58€ <h3 _ngcontent-wkf-c235="" class="title ng-star-inserted">Boîte pâtissière carrée elite
dim. 32x32x5 cm</h3><!----></div><div _ngcontent-wkf-c235="" class="extra-wrapper"><div _ngcontent-wkf-c235="" class="extra"><div _ngcontent-wkf-c235=""><strong _ngcontent-wkf-c235=""><eg-product-trade-prices _ngcontent-wkf-c235="" _nghost-wkf-c155=""><div _ngcontent-wkf-c155="" class="prices-unity">Soit 38,58€ / PC </div><!----><div _ngcontent-wkf-c155="" class="prices-unity prices-other ng-star-inserted">Soit 0,77€ / portions </div><!----><!----></eg-product-trade-prices></strong> Code : 223359<br _ngcontent-wkf-c235=""></div></div><button _ngcontent-wkf-c235="" type="button" class="btn btn__icon__basic"><svg _ngcontent-wkf-c235="" xmlns="http://www.w3.org/2000/svg" viewBox="0 0 19 17.08" width="37" height="34"><path _ngcontent-wkf-c235="" d="M14.25,17.08a1.88,1.88,0,1,1,1.88-1.88A1.88,1.88,0,0,1,14.25,17.08Zm0-3.05a1.18,1.18,0,1,0,1.18,1.18A1.18,1.18,0,0,0,14.25,14Z"></path><path _ngcontent-wkf-c235="" d="M6.65,17.08A1.88,1.88,0,1,1,8.53,15.2,1.88,1.88,0,0,1,6.65,17.08Zm0-3.05A1.18,1.18,0,1,0,7.83,15.2,1.18,1.18,0,0,0,6.65,14Z"></path><path _ngcontent-wkf-c235="" d="M16.7,8.49,5.15,10,3.72,3H18Zm2.22-6a.41.41,0,0,0-.32-.15h-15l-.4-2c0-.15-.24-.31-.4-.31H.4A.37.37,0,0,0,0,.39.37.37,0,0,0,.4.77H2.45l1.9,9.42A2.77,2.77,0,0,0,7,12.35h9.1a.39.39,0,1,0,0-.77h-9a1.84,1.84,0,0,1-1.58-.85L17.1,9.19a.34.34,0,0,0,.32-.31L19,2.7A.37.37,0,0,0,18.92,2.47Z"></path></svg></button></div></eg-gabarit-price></div><!----><!----><!----></div><!----><!----></footer></div></div><!----></div><!----><!----><!----><!----><!----><!----></eg-gabarit-basic><!----><!----><eg-gabarit-basic _ngcontent-wkf-c237="" _nghost-wkf-c236="" id="masonry-item-15" class="ng-star-inserted"><div _ngcontent-wkf-c236="" ngxmasonryitem="" class="Décors Emballages Matériel gabarit gabarit__sm gabarit__sm__2 grid-item ng-star-inserted" style="position: absolute; left: 0px; top: 3946.44px; opacity: 1; transition-property: opacity, transform; transition-duration: 0.4s; transition-delay: 0ms;"><div _ngcontent-wkf-c236="" class="wrapper ng-star-inserted"><!----><header _ngcontent-wkf-c236="" class="header"><img _ngcontent-wkf-c236="" class="hidded" src="https://cstatic.transgourmet.fr/tg-ecommerce/images/products/detail/238037.jpg"><a _ngcontent-wkf-c236=""><img _ngcontent-wkf-c236="" class="visuel ng-star-inserted" src="https://cstatic.transgourmet.fr/tg-ecommerce/images/products/detail/238037.jpg"><!----><!----><!----></a><eg-product-info-pictos _ngcontent-wkf-c236="" _nghost-wkf-c203=""><div _ngcontent-wkf-c203="" id="infos-special-pictos"><!----><!----></div></eg-product-info-pictos></header><div _ngcontent-wkf-c236="" class="body"><eg-products-info-top-cartouche _ngcontent-wkf-c236="" _nghost-wkf-c199="" class="ng-star-inserted"><div _ngcontent-wkf-c199="" id="infos-top" class="d-flex justify-content-end infos-top infos-top-body infos-top-cartouche ng-star-inserted"><div _ngcontent-wkf-c199="" id="infos-top__stripe" class="d-flex align-items-center justify-content-center infos-top__stripe"><img _ngcontent-wkf-c199="" src="assets/images/cartouche/promo.png"></div></div><!----></eg-products-info-top-cartouche><!----><div _ngcontent-wkf-c236="" class="labels"><div _ngcontent-wkf-c236="" class="labels-container"></div><eg-products-info-top-fide _ngcontent-wkf-c236="" _nghost-wkf-c200=""><!----></eg-products-info-top-fide></div><div _ngcontent-wkf-c236="" id="category"><h5 _ngcontent-wkf-c236="" class="category"><span _ngcontent-wkf-c236="" class="txt ng-star-inserted">FLO FRANCE</span><!----><!----></h5><eg-product-temperature-block _ngcontent-wkf-c236="" _nghost-wkf-c202=""><!----><!----></eg-product-temperature-block></div><div _ngcontent-wkf-c236="" class="title-wrapper"><a _ngcontent-wkf-c236=""><h3 _ngcontent-wkf-c236="" class="title">Sachet confiserie cellophane
9.5x18 cm</h3><!----></a></div><p _ngcontent-wkf-c236="" class="text"> Poche de 100 portions.<br _ngcontent-wkf-c236="" class="ng-star-inserted"><!----><!----><!----><!----></p><footer _ngcontent-wkf-c236=""><div _ngcontent-wkf-c236="" class="row ng-star-inserted"><div _ngcontent-wkf-c236="" class="col"><eg-gabarit-price _ngcontent-wkf-c236="" _nghost-wkf-c235=""><div _ngcontent-wkf-c235="" class="price"> 5,55€ <h3 _ngcontent-wkf-c235="" class="title ng-star-inserted">Sachet confiserie cellophane
9.5x18 cm</h3><!----></div><div _ngcontent-wkf-c235="" class="extra-wrapper"><div _ngcontent-wkf-c235="" class="extra"><div _ngcontent-wkf-c235=""><strong _ngcontent-wkf-c235=""><eg-product-trade-prices _ngcontent-wkf-c235="" _nghost-wkf-c155=""><div _ngcontent-wkf-c155="" class="prices-unity">Soit 5,55€ / PC </div><!----><div _ngcontent-wkf-c155="" class="prices-unity prices-other ng-star-inserted">Soit 0,06€ / portions </div><!----><!----></eg-product-trade-prices></strong> Code : 202312<br _ngcontent-wkf-c235=""></div></div><button _ngcontent-wkf-c235="" type="button" class="btn btn__icon__basic"><svg _ngcontent-wkf-c235="" xmlns="http://www.w3.org/2000/svg" viewBox="0 0 19 17.08" width="37" height="34"><path _ngcontent-wkf-c235="" d="M14.25,17.08a1.88,1.88,0,1,1,1.88-1.88A1.88,1.88,0,0,1,14.25,17.08Zm0-3.05a1.18,1.18,0,1,0,1.18,1.18A1.18,1.18,0,0,0,14.25,14Z"></path><path _ngcontent-wkf-c235="" d="M6.65,17.08A1.88,1.88,0,1,1,8.53,15.2,1.88,1.88,0,0,1,6.65,17.08Zm0-3.05A1.18,1.18,0,1,0,7.83,15.2,1.18,1.18,0,0,0,6.65,14Z"></path><path _ngcontent-wkf-c235="" d="M16.7,8.49,5.15,10,3.72,3H18Zm2.22-6a.41.41,0,0,0-.32-.15h-15l-.4-2c0-.15-.24-.31-.4-.31H.4A.37.37,0,0,0,0,.39.37.37,0,0,0,.4.77H2.45l1.9,9.42A2.77,2.77,0,0,0,7,12.35h9.1a.39.39,0,1,0,0-.77h-9a1.84,1.84,0,0,1-1.58-.85L17.1,9.19a.34.34,0,0,0,.32-.31L19,2.7A.37.37,0,0,0,18.92,2.47Z"></path></svg></button></div></eg-gabarit-price></div><div _ngcontent-wkf-c236="" class="col ng-star-inserted"><eg-gabarit-price _ngcontent-wkf-c236="" _nghost-wkf-c235=""><div _ngcontent-wkf-c235="" class="price"> 9,60€ <h3 _ngcontent-wkf-c235="" class="title ng-star-inserted">Sachet confiserie cellophane
14x25 cm</h3><!----></div><div _ngcontent-wkf-c235="" class="extra-wrapper"><div _ngcontent-wkf-c235="" class="extra"><div _ngcontent-wkf-c235=""><strong _ngcontent-wkf-c235=""><eg-product-trade-prices _ngcontent-wkf-c235="" _nghost-wkf-c155=""><div _ngcontent-wkf-c155="" class="prices-unity">Soit 9,60€ / PC </div><!----><div _ngcontent-wkf-c155="" class="prices-unity prices-other ng-star-inserted">Soit 0,10€ / portions </div><!----><!----></eg-product-trade-prices></strong> Code : 202315<br _ngcontent-wkf-c235=""></div></div><button _ngcontent-wkf-c235="" type="button" class="btn btn__icon__basic"><svg _ngcontent-wkf-c235="" xmlns="http://www.w3.org/2000/svg" viewBox="0 0 19 17.08" width="37" height="34"><path _ngcontent-wkf-c235="" d="M14.25,17.08a1.88,1.88,0,1,1,1.88-1.88A1.88,1.88,0,0,1,14.25,17.08Zm0-3.05a1.18,1.18,0,1,0,1.18,1.18A1.18,1.18,0,0,0,14.25,14Z"></path><path _ngcontent-wkf-c235="" d="M6.65,17.08A1.88,1.88,0,1,1,8.53,15.2,1.88,1.88,0,0,1,6.65,17.08Zm0-3.05A1.18,1.18,0,1,0,7.83,15.2,1.18,1.18,0,0,0,6.65,14Z"></path><path _ngcontent-wkf-c235="" d="M16.7,8.49,5.15,10,3.72,3H18Zm2.22-6a.41.41,0,0,0-.32-.15h-15l-.4-2c0-.15-.24-.31-.4-.31H.4A.37.37,0,0,0,0,.39.37.37,0,0,0,.4.77H2.45l1.9,9.42A2.77,2.77,0,0,0,7,12.35h9.1a.39.39,0,1,0,0-.77h-9a1.84,1.84,0,0,1-1.58-.85L17.1,9.19a.34.34,0,0,0,.32-.31L19,2.7A.37.37,0,0,0,18.92,2.47Z"></path></svg></button></div></eg-gabarit-price></div><!----><!----><div _ngcontent-wkf-c236="" class="col ng-star-inserted"><eg-gabarit-price _ngcontent-wkf-c236="" _nghost-wkf-c235=""><div _ngcontent-wkf-c235="" class="price"> 7,50€ <h3 _ngcontent-wkf-c235="" class="title ng-star-inserted">Sachet confiserie cellophane
11x22cm</h3><!----></div><div _ngcontent-wkf-c235="" class="extra-wrapper"><div _ngcontent-wkf-c235="" class="extra"><div _ngcontent-wkf-c235=""><strong _ngcontent-wkf-c235=""><eg-product-trade-prices _ngcontent-wkf-c235="" _nghost-wkf-c155=""><div _ngcontent-wkf-c155="" class="prices-unity">Soit 7,50€ / PC </div><!----><div _ngcontent-wkf-c155="" class="prices-unity prices-other ng-star-inserted">Soit 0,08€ / portions </div><!----><!----></eg-product-trade-prices></strong> Code : 202314<br _ngcontent-wkf-c235=""></div></div><button _ngcontent-wkf-c235="" type="button" class="btn btn__icon__basic"><svg _ngcontent-wkf-c235="" xmlns="http://www.w3.org/2000/svg" viewBox="0 0 19 17.08" width="37" height="34"><path _ngcontent-wkf-c235="" d="M14.25,17.08a1.88,1.88,0,1,1,1.88-1.88A1.88,1.88,0,0,1,14.25,17.08Zm0-3.05a1.18,1.18,0,1,0,1.18,1.18A1.18,1.18,0,0,0,14.25,14Z"></path><path _ngcontent-wkf-c235="" d="M6.65,17.08A1.88,1.88,0,1,1,8.53,15.2,1.88,1.88,0,0,1,6.65,17.08Zm0-3.05A1.18,1.18,0,1,0,7.83,15.2,1.18,1.18,0,0,0,6.65,14Z"></path><path _ngcontent-wkf-c235="" d="M16.7,8.49,5.15,10,3.72,3H18Zm2.22-6a.41.41,0,0,0-.32-.15h-15l-.4-2c0-.15-.24-.31-.4-.31H.4A.37.37,0,0,0,0,.39.37.37,0,0,0,.4.77H2.45l1.9,9.42A2.77,2.77,0,0,0,7,12.35h9.1a.39.39,0,1,0,0-.77h-9a1.84,1.84,0,0,1-1.58-.85L17.1,9.19a.34.34,0,0,0,.32-.31L19,2.7A.37.37,0,0,0,18.92,2.47Z"></path></svg></button></div></eg-gabarit-price></div><!----><!----><div _ngcontent-wkf-c236="" class="col ng-star-inserted"><eg-gabarit-price _ngcontent-wkf-c236="" _nghost-wkf-c235=""><div _ngcontent-wkf-c235="" class="price"> 6,40€ <h3 _ngcontent-wkf-c235="" class="title ng-star-inserted">Sachet confiserie cellophane
10x20cm</h3><!----></div><div _ngcontent-wkf-c235="" class="extra-wrapper"><div _ngcontent-wkf-c235="" class="extra"><div _ngcontent-wkf-c235=""><strong _ngcontent-wkf-c235=""><eg-product-trade-prices _ngcontent-wkf-c235="" _nghost-wkf-c155=""><div _ngcontent-wkf-c155="" class="prices-unity">Soit 6,40€ / PC </div><!----><div _ngcontent-wkf-c155="" class="prices-unity prices-other ng-star-inserted">Soit 0,06€ / portions </div><!----><!----></eg-product-trade-prices></strong> Code : 202313<br _ngcontent-wkf-c235=""></div></div><button _ngcontent-wkf-c235="" type="button" class="btn btn__icon__basic"><svg _ngcontent-wkf-c235="" xmlns="http://www.w3.org/2000/svg" viewBox="0 0 19 17.08" width="37" height="34"><path _ngcontent-wkf-c235="" d="M14.25,17.08a1.88,1.88,0,1,1,1.88-1.88A1.88,1.88,0,0,1,14.25,17.08Zm0-3.05a1.18,1.18,0,1,0,1.18,1.18A1.18,1.18,0,0,0,14.25,14Z"></path><path _ngcontent-wkf-c235="" d="M6.65,17.08A1.88,1.88,0,1,1,8.53,15.2,1.88,1.88,0,0,1,6.65,17.08Zm0-3.05A1.18,1.18,0,1,0,7.83,15.2,1.18,1.18,0,0,0,6.65,14Z"></path><path _ngcontent-wkf-c235="" d="M16.7,8.49,5.15,10,3.72,3H18Zm2.22-6a.41.41,0,0,0-.32-.15h-15l-.4-2c0-.15-.24-.31-.4-.31H.4A.37.37,0,0,0,0,.39.37.37,0,0,0,.4.77H2.45l1.9,9.42A2.77,2.77,0,0,0,7,12.35h9.1a.39.39,0,1,0,0-.77h-9a1.84,1.84,0,0,1-1.58-.85L17.1,9.19a.34.34,0,0,0,.32-.31L19,2.7A.37.37,0,0,0,18.92,2.47Z"></path></svg></button></div></eg-gabarit-price></div><!----><!----><!----></div><!----><!----></footer></div></div><!----></div><!----><!----><!----><!----><!----><!----></eg-gabarit-basic><!----><!----><eg-gabarit-basic _ngcontent-wkf-c237="" _nghost-wkf-c236="" id="masonry-item-16" class="ng-star-inserted"><div _ngcontent-wkf-c236="" ngxmasonryitem="" class="Décors Emballages Matériel gabarit gabarit__xs gabarit__xs__1 grid-item ng-star-inserted" style="position: absolute; left: 0px; top: 4445.24px; opacity: 1; transition-property: opacity, transform; transition-duration: 0.4s; transition-delay: 0ms;"><div _ngcontent-wkf-c236="" class="wrapper ng-star-inserted"><!----><header _ngcontent-wkf-c236="" class="header"><img _ngcontent-wkf-c236="" class="hidded" src="https://cstatic.transgourmet.fr/tg-ecommerce/images/products/detail/217693.jpg"><a _ngcontent-wkf-c236=""><img _ngcontent-wkf-c236="" class="visuel ng-star-inserted" src="https://cstatic.transgourmet.fr/tg-ecommerce/images/products/detail/217693.jpg"><!----><!----><!----></a><eg-product-info-pictos _ngcontent-wkf-c236="" _nghost-wkf-c203=""><div _ngcontent-wkf-c203="" id="infos-special-pictos"><!----><!----></div></eg-product-info-pictos></header><div _ngcontent-wkf-c236="" class="body"><eg-products-info-top-cartouche _ngcontent-wkf-c236="" _nghost-wkf-c199="" class="ng-star-inserted"><div _ngcontent-wkf-c199="" id="infos-top" class="d-flex justify-content-end infos-top infos-top-body infos-top-cartouche ng-star-inserted"><div _ngcontent-wkf-c199="" id="infos-top__stripe" class="d-flex align-items-center justify-content-center infos-top__stripe"><img _ngcontent-wkf-c199="" src="assets/images/cartouche/promo.png"></div></div><!----></eg-products-info-top-cartouche><!----><div _ngcontent-wkf-c236="" class="labels"><div _ngcontent-wkf-c236="" class="labels-container"></div><eg-products-info-top-fide _ngcontent-wkf-c236="" _nghost-wkf-c200=""><div _ngcontent-wkf-c200="" id="info-top-fide" class="d-flex flex-row justify-content-end ng-star-inserted"><div _ngcontent-wkf-c200="" class="d-flex flex-row-reverse justify-content-between w-100"><!----><div _ngcontent-wkf-c200="" class="order-1 points-labo ng-star-inserted" title="1 points /&nbsp;colis"><div _ngcontent-wkf-c200="" class="points">1</div><div _ngcontent-wkf-c200="" class="unit labo"><span _ngcontent-wkf-c200="">/&nbsp;colis</span></div><img _ngcontent-wkf-c200="" src="assets/images/points-labo.54e2fda2.jpg" alt=""></div><!----></div></div><!----></eg-products-info-top-fide></div><div _ngcontent-wkf-c236="" id="category"><h5 _ngcontent-wkf-c236="" class="category"><!----><!----></h5><eg-product-temperature-block _ngcontent-wkf-c236="" _nghost-wkf-c202=""><!----><!----></eg-product-temperature-block></div><div _ngcontent-wkf-c236="" class="title-wrapper"><a _ngcontent-wkf-c236=""><h3 _ngcontent-wkf-c236="" class="title">Papier mousseline
kraft brun imprimé
dim. 30 x 40 cm</h3><!----></a></div><p _ngcontent-wkf-c236="" class="text"> Par colis de 10 kg.<br _ngcontent-wkf-c236="" class="ng-star-inserted"><!----><!----><!----><!----></p><footer _ngcontent-wkf-c236=""><eg-gabarit-price _ngcontent-wkf-c236="" _nghost-wkf-c235="" class="ng-star-inserted"><div _ngcontent-wkf-c235="" class="price"> 34,49€ <!----></div><div _ngcontent-wkf-c235="" class="extra-wrapper"><div _ngcontent-wkf-c235="" class="extra"><div _ngcontent-wkf-c235=""><strong _ngcontent-wkf-c235=""><eg-product-trade-prices _ngcontent-wkf-c235="" _nghost-wkf-c155=""><div _ngcontent-wkf-c155="" class="prices-unity">Soit 3,45€ / kg </div><!----><!----><!----></eg-product-trade-prices></strong> Code : 798850<br _ngcontent-wkf-c235=""></div></div><button _ngcontent-wkf-c235="" type="button" class="btn btn__icon__basic"><svg _ngcontent-wkf-c235="" xmlns="http://www.w3.org/2000/svg" viewBox="0 0 19 17.08" width="37" height="34"><path _ngcontent-wkf-c235="" d="M14.25,17.08a1.88,1.88,0,1,1,1.88-1.88A1.88,1.88,0,0,1,14.25,17.08Zm0-3.05a1.18,1.18,0,1,0,1.18,1.18A1.18,1.18,0,0,0,14.25,14Z"></path><path _ngcontent-wkf-c235="" d="M6.65,17.08A1.88,1.88,0,1,1,8.53,15.2,1.88,1.88,0,0,1,6.65,17.08Zm0-3.05A1.18,1.18,0,1,0,7.83,15.2,1.18,1.18,0,0,0,6.65,14Z"></path><path _ngcontent-wkf-c235="" d="M16.7,8.49,5.15,10,3.72,3H18Zm2.22-6a.41.41,0,0,0-.32-.15h-15l-.4-2c0-.15-.24-.31-.4-.31H.4A.37.37,0,0,0,0,.39.37.37,0,0,0,.4.77H2.45l1.9,9.42A2.77,2.77,0,0,0,7,12.35h9.1a.39.39,0,1,0,0-.77h-9a1.84,1.84,0,0,1-1.58-.85L17.1,9.19a.34.34,0,0,0,.32-.31L19,2.7A.37.37,0,0,0,18.92,2.47Z"></path></svg></button></div></eg-gabarit-price><!----></footer></div></div><!----></div><!----><!----><!----><!----><!----><!----></eg-gabarit-basic><!----><!----><eg-gabarit-basic _ngcontent-wkf-c237="" _nghost-wkf-c236="" id="masonry-item-17" class="ng-star-inserted"><div _ngcontent-wkf-c236="" ngxmasonryitem="" class="Décors Emballages Matériel gabarit gabarit__xs gabarit__xs__1 grid-item ng-star-inserted" style="position: absolute; left: 201px; top: 4445.24px; opacity: 1; transition-property: opacity, transform; transition-duration: 0.4s; transition-delay: 0ms;"><div _ngcontent-wkf-c236="" class="wrapper ng-star-inserted"><!----><header _ngcontent-wkf-c236="" class="header"><img _ngcontent-wkf-c236="" class="hidded" src="https://cstatic.transgourmet.fr/tg-ecommerce/images/products/detail/203633.jpg"><a _ngcontent-wkf-c236=""><img _ngcontent-wkf-c236="" class="visuel ng-star-inserted" src="https://cstatic.transgourmet.fr/tg-ecommerce/images/products/detail/203633.jpg"><!----><!----><!----></a><eg-product-info-pictos _ngcontent-wkf-c236="" _nghost-wkf-c203=""><div _ngcontent-wkf-c203="" id="infos-special-pictos"><!----><!----></div></eg-product-info-pictos></header><div _ngcontent-wkf-c236="" class="body"><eg-products-info-top-cartouche _ngcontent-wkf-c236="" _nghost-wkf-c199="" class="ng-star-inserted"><div _ngcontent-wkf-c199="" id="infos-top" class="d-flex justify-content-end infos-top infos-top-body infos-top-cartouche ng-star-inserted"><div _ngcontent-wkf-c199="" id="infos-top__stripe" class="d-flex align-items-center justify-content-center infos-top__stripe"><img _ngcontent-wkf-c199="" src="assets/images/cartouche/promo.png"></div></div><!----></eg-products-info-top-cartouche><!----><div _ngcontent-wkf-c236="" class="labels"><div _ngcontent-wkf-c236="" class="labels-container"></div><eg-products-info-top-fide _ngcontent-wkf-c236="" _nghost-wkf-c200=""><!----></eg-products-info-top-fide></div><div _ngcontent-wkf-c236="" id="category"><h5 _ngcontent-wkf-c236="" class="category"><span _ngcontent-wkf-c236="" class="txt ng-star-inserted">FESTIVIA</span><!----><!----></h5><eg-product-temperature-block _ngcontent-wkf-c236="" _nghost-wkf-c202=""><!----><!----></eg-product-temperature-block></div><div _ngcontent-wkf-c236="" class="title-wrapper"><a _ngcontent-wkf-c236=""><h3 _ngcontent-wkf-c236="" class="title">Barquette cuisson salamandre
dim. 17.5 x 11 x 6 cm</h3><!----></a></div><p _ngcontent-wkf-c236="" class="text"> Paquet de 100 portions.<br _ngcontent-wkf-c236="" class="ng-star-inserted"><!----><!----><!----><!----></p><footer _ngcontent-wkf-c236=""><eg-gabarit-price _ngcontent-wkf-c236="" _nghost-wkf-c235="" class="ng-star-inserted"><div _ngcontent-wkf-c235="" class="price"> 37,59€ <!----></div><div _ngcontent-wkf-c235="" class="extra-wrapper"><div _ngcontent-wkf-c235="" class="extra"><div _ngcontent-wkf-c235=""><strong _ngcontent-wkf-c235=""><eg-product-trade-prices _ngcontent-wkf-c235="" _nghost-wkf-c155=""><div _ngcontent-wkf-c155="" class="prices-unity">Soit 37,59€ / PC </div><!----><div _ngcontent-wkf-c155="" class="prices-unity prices-other ng-star-inserted">Soit 0,38€ / portions </div><!----><!----></eg-product-trade-prices></strong> Code : 598607<br _ngcontent-wkf-c235=""></div></div><button _ngcontent-wkf-c235="" type="button" class="btn btn__icon__basic"><svg _ngcontent-wkf-c235="" xmlns="http://www.w3.org/2000/svg" viewBox="0 0 19 17.08" width="37" height="34"><path _ngcontent-wkf-c235="" d="M14.25,17.08a1.88,1.88,0,1,1,1.88-1.88A1.88,1.88,0,0,1,14.25,17.08Zm0-3.05a1.18,1.18,0,1,0,1.18,1.18A1.18,1.18,0,0,0,14.25,14Z"></path><path _ngcontent-wkf-c235="" d="M6.65,17.08A1.88,1.88,0,1,1,8.53,15.2,1.88,1.88,0,0,1,6.65,17.08Zm0-3.05A1.18,1.18,0,1,0,7.83,15.2,1.18,1.18,0,0,0,6.65,14Z"></path><path _ngcontent-wkf-c235="" d="M16.7,8.49,5.15,10,3.72,3H18Zm2.22-6a.41.41,0,0,0-.32-.15h-15l-.4-2c0-.15-.24-.31-.4-.31H.4A.37.37,0,0,0,0,.39.37.37,0,0,0,.4.77H2.45l1.9,9.42A2.77,2.77,0,0,0,7,12.35h9.1a.39.39,0,1,0,0-.77h-9a1.84,1.84,0,0,1-1.58-.85L17.1,9.19a.34.34,0,0,0,.32-.31L19,2.7A.37.37,0,0,0,18.92,2.47Z"></path></svg></button></div></eg-gabarit-price><!----></footer></div></div><!----></div><!----><!----><!----><!----><!----><!----></eg-gabarit-basic><!----><!----><eg-gabarit-basic _ngcontent-wkf-c237="" _nghost-wkf-c236="" id="masonry-item-18" class="ng-star-inserted"><div _ngcontent-wkf-c236="" ngxmasonryitem="" class="Décors Emballages Matériel gabarit gabarit__xs gabarit__xs__1 grid-item ng-star-inserted" style="position: absolute; left: 0px; top: 4827.84px; opacity: 1; transition-property: opacity, transform; transition-duration: 0.4s; transition-delay: 0ms;"><div _ngcontent-wkf-c236="" class="wrapper ng-star-inserted"><!----><header _ngcontent-wkf-c236="" class="header"><img _ngcontent-wkf-c236="" class="hidded" src="https://cstatic.transgourmet.fr/tg-ecommerce/images/products/detail/205819.jpg"><a _ngcontent-wkf-c236=""><img _ngcontent-wkf-c236="" class="visuel ng-star-inserted" src="https://cstatic.transgourmet.fr/tg-ecommerce/images/products/detail/205819.jpg"><!----><!----><!----></a><eg-product-info-pictos _ngcontent-wkf-c236="" _nghost-wkf-c203=""><div _ngcontent-wkf-c203="" id="infos-special-pictos"><!----><!----></div></eg-product-info-pictos></header><div _ngcontent-wkf-c236="" class="body"><eg-products-info-top-cartouche _ngcontent-wkf-c236="" _nghost-wkf-c199="" class="ng-star-inserted"><div _ngcontent-wkf-c199="" id="infos-top" class="d-flex justify-content-end infos-top infos-top-body infos-top-cartouche ng-star-inserted"><div _ngcontent-wkf-c199="" id="infos-top__stripe" class="d-flex align-items-center justify-content-center infos-top__stripe"><img _ngcontent-wkf-c199="" src="assets/images/cartouche/promo.png"></div></div><!----></eg-products-info-top-cartouche><!----><div _ngcontent-wkf-c236="" class="labels"><div _ngcontent-wkf-c236="" class="labels-container"></div><eg-products-info-top-fide _ngcontent-wkf-c236="" _nghost-wkf-c200=""><!----></eg-products-info-top-fide></div><div _ngcontent-wkf-c236="" id="category"><h5 _ngcontent-wkf-c236="" class="category"><!----><!----></h5><eg-product-temperature-block _ngcontent-wkf-c236="" _nghost-wkf-c202=""><!----><!----></eg-product-temperature-block></div><div _ngcontent-wkf-c236="" class="title-wrapper"><a _ngcontent-wkf-c236=""><h3 _ngcontent-wkf-c236="" class="title">Grignette verte</h3><!----></a></div><p _ngcontent-wkf-c236="" class="text"> Etui de 10 portions.<br _ngcontent-wkf-c236="" class="ng-star-inserted"><!----><!----><!----><!----></p><footer _ngcontent-wkf-c236=""><eg-gabarit-price _ngcontent-wkf-c236="" _nghost-wkf-c235="" class="ng-star-inserted"><div _ngcontent-wkf-c235="" class="price"> 16,79€ <!----></div><div _ngcontent-wkf-c235="" class="extra-wrapper"><div _ngcontent-wkf-c235="" class="extra"><div _ngcontent-wkf-c235=""><strong _ngcontent-wkf-c235=""><eg-product-trade-prices _ngcontent-wkf-c235="" _nghost-wkf-c155=""><div _ngcontent-wkf-c155="" class="prices-unity">Soit 16,79€ / PC </div><!----><div _ngcontent-wkf-c155="" class="prices-unity prices-other ng-star-inserted">Soit 1,68€ / portions </div><!----><!----></eg-product-trade-prices></strong> Code : 543819<br _ngcontent-wkf-c235=""></div></div><button _ngcontent-wkf-c235="" type="button" class="btn btn__icon__basic"><svg _ngcontent-wkf-c235="" xmlns="http://www.w3.org/2000/svg" viewBox="0 0 19 17.08" width="37" height="34"><path _ngcontent-wkf-c235="" d="M14.25,17.08a1.88,1.88,0,1,1,1.88-1.88A1.88,1.88,0,0,1,14.25,17.08Zm0-3.05a1.18,1.18,0,1,0,1.18,1.18A1.18,1.18,0,0,0,14.25,14Z"></path><path _ngcontent-wkf-c235="" d="M6.65,17.08A1.88,1.88,0,1,1,8.53,15.2,1.88,1.88,0,0,1,6.65,17.08Zm0-3.05A1.18,1.18,0,1,0,7.83,15.2,1.18,1.18,0,0,0,6.65,14Z"></path><path _ngcontent-wkf-c235="" d="M16.7,8.49,5.15,10,3.72,3H18Zm2.22-6a.41.41,0,0,0-.32-.15h-15l-.4-2c0-.15-.24-.31-.4-.31H.4A.37.37,0,0,0,0,.39.37.37,0,0,0,.4.77H2.45l1.9,9.42A2.77,2.77,0,0,0,7,12.35h9.1a.39.39,0,1,0,0-.77h-9a1.84,1.84,0,0,1-1.58-.85L17.1,9.19a.34.34,0,0,0,.32-.31L19,2.7A.37.37,0,0,0,18.92,2.47Z"></path></svg></button></div></eg-gabarit-price><!----></footer></div></div><!----></div><!----><!----><!----><!----><!----><!----></eg-gabarit-basic><!----><!----><!----></ngx-masonry><!----></div><!----></div><!----><!----><div _ngcontent-wkf-c237="" class="container container__catalogue ng-star-inserted"><div _ngcontent-wkf-c237="" class="ng-star-inserted"><div _ngcontent-wkf-c237="" class="title__catalogue"><h2 _ngcontent-wkf-c237="" class="text">Fruits et Légumes</h2><div _ngcontent-wkf-c237="" class="badge_catalogue">8 produits</div></div><ngx-masonry _ngcontent-wkf-c237="" _nghost-wkf-c142="" class="ng-star-inserted" style="position: relative; height: 1459.88px;"><eg-gabarit-basic _ngcontent-wkf-c237="" _nghost-wkf-c236="" id="masonry-item-0" class="ng-star-inserted"><div _ngcontent-wkf-c236="" ngxmasonryitem="" class="Fruits Légumes et gabarit gabarit__xs gabarit__xs__1 grid-item ng-star-inserted" style="position: absolute; left: 0px; top: 0px; opacity: 1; transition-property: opacity, transform; transition-duration: 0.4s; transition-delay: 0ms;"><div _ngcontent-wkf-c236="" class="wrapper ng-star-inserted"><!----><header _ngcontent-wkf-c236="" class="header"><img _ngcontent-wkf-c236="" class="hidded" src="https://cstatic.transgourmet.fr/tg-ecommerce/images/products/detail/200096.jpg"><a _ngcontent-wkf-c236=""><img _ngcontent-wkf-c236="" class="visuel ng-star-inserted" src="https://cstatic.transgourmet.fr/tg-ecommerce/images/products/detail/200096.jpg"><!----><!----><!----></a><eg-product-info-pictos _ngcontent-wkf-c236="" _nghost-wkf-c203=""><div _ngcontent-wkf-c203="" id="infos-special-pictos"><!----><!----></div></eg-product-info-pictos></header><div _ngcontent-wkf-c236="" class="body"><eg-products-info-top-cartouche _ngcontent-wkf-c236="" _nghost-wkf-c199="" class="ng-star-inserted"><div _ngcontent-wkf-c199="" id="infos-top" class="d-flex justify-content-end infos-top infos-top-body infos-top-cartouche ng-star-inserted"><div _ngcontent-wkf-c199="" id="infos-top__stripe" class="d-flex align-items-center justify-content-center infos-top__stripe"><img _ngcontent-wkf-c199="" src="assets/images/cartouche/promo.png"></div></div><!----></eg-products-info-top-cartouche><!----><div _ngcontent-wkf-c236="" class="labels"><div _ngcontent-wkf-c236="" class="labels-container"></div><eg-products-info-top-fide _ngcontent-wkf-c236="" _nghost-wkf-c200=""><!----></eg-products-info-top-fide></div><div _ngcontent-wkf-c236="" id="category"><h5 _ngcontent-wkf-c236="" class="category"><span _ngcontent-wkf-c236="" class="txt ng-star-inserted">STKFL</span><!----><!----></h5><eg-product-temperature-block _ngcontent-wkf-c236="" _nghost-wkf-c202=""><img _ngcontent-wkf-c202="" src="https://cstatic.transgourmet.fr/tg-ecommerce/images/picto-frais.png" alt="Frais" title="Frais" class="pictoImg ng-star-inserted"><!----><!----><!----><!----></eg-product-temperature-block></div><div _ngcontent-wkf-c236="" class="title-wrapper"><a _ngcontent-wkf-c236=""><h3 _ngcontent-wkf-c236="" class="title">Abricot calibre A
France</h3><!----></a></div><p _ngcontent-wkf-c236="" class="text"> Portion de 40 g.<br _ngcontent-wkf-c236="" class="ng-star-inserted"><!----> Colis de 125 portions.<br _ngcontent-wkf-c236="" class="ng-star-inserted"><!----><!----><!----><!----></p><footer _ngcontent-wkf-c236=""><eg-gabarit-price _ngcontent-wkf-c236="" _nghost-wkf-c235="" class="ng-star-inserted"><div _ngcontent-wkf-c235="" class="price"> 20,50€ <!----></div><div _ngcontent-wkf-c235="" class="extra-wrapper"><div _ngcontent-wkf-c235="" class="extra"><div _ngcontent-wkf-c235=""><strong _ngcontent-wkf-c235=""><eg-product-trade-prices _ngcontent-wkf-c235="" _nghost-wkf-c155=""><div _ngcontent-wkf-c155="" class="prices-unity">Soit 4,10€ / kg </div><!----><div _ngcontent-wkf-c155="" class="prices-unity prices-other ng-star-inserted">Soit 0,16€ / portions </div><!----><!----></eg-product-trade-prices></strong> Code : 422732<br _ngcontent-wkf-c235=""></div></div><button _ngcontent-wkf-c235="" type="button" class="btn btn__icon__basic"><svg _ngcontent-wkf-c235="" xmlns="http://www.w3.org/2000/svg" viewBox="0 0 19 17.08" width="37" height="34"><path _ngcontent-wkf-c235="" d="M14.25,17.08a1.88,1.88,0,1,1,1.88-1.88A1.88,1.88,0,0,1,14.25,17.08Zm0-3.05a1.18,1.18,0,1,0,1.18,1.18A1.18,1.18,0,0,0,14.25,14Z"></path><path _ngcontent-wkf-c235="" d="M6.65,17.08A1.88,1.88,0,1,1,8.53,15.2,1.88,1.88,0,0,1,6.65,17.08Zm0-3.05A1.18,1.18,0,1,0,7.83,15.2,1.18,1.18,0,0,0,6.65,14Z"></path><path _ngcontent-wkf-c235="" d="M16.7,8.49,5.15,10,3.72,3H18Zm2.22-6a.41.41,0,0,0-.32-.15h-15l-.4-2c0-.15-.24-.31-.4-.31H.4A.37.37,0,0,0,0,.39.37.37,0,0,0,.4.77H2.45l1.9,9.42A2.77,2.77,0,0,0,7,12.35h9.1a.39.39,0,1,0,0-.77h-9a1.84,1.84,0,0,1-1.58-.85L17.1,9.19a.34.34,0,0,0,.32-.31L19,2.7A.37.37,0,0,0,18.92,2.47Z"></path></svg></button></div></eg-gabarit-price><!----></footer></div></div><!----></div><!----><!----><!----><!----><!----><!----></eg-gabarit-basic><!----><!----><eg-gabarit-basic _ngcontent-wkf-c237="" _nghost-wkf-c236="" id="masonry-item-1" class="ng-star-inserted"><div _ngcontent-wkf-c236="" ngxmasonryitem="" class="Fruits Légumes et gabarit gabarit__xs gabarit__xs__1 grid-item ng-star-inserted" style="position: absolute; left: 201px; top: 0px; opacity: 1; transition-property: opacity, transform; transition-duration: 0.4s; transition-delay: 0ms;"><div _ngcontent-wkf-c236="" class="wrapper ng-star-inserted"><!----><header _ngcontent-wkf-c236="" class="header"><img _ngcontent-wkf-c236="" class="hidded" src="https://cstatic.transgourmet.fr/tg-ecommerce/images/products/detail/257318.jpg"><a _ngcontent-wkf-c236=""><img _ngcontent-wkf-c236="" class="visuel ng-star-inserted" src="https://cstatic.transgourmet.fr/tg-ecommerce/images/products/detail/257318.jpg"><!----><!----><!----></a><eg-product-info-pictos _ngcontent-wkf-c236="" _nghost-wkf-c203=""><div _ngcontent-wkf-c203="" id="infos-special-pictos"><!----><!----></div></eg-product-info-pictos></header><div _ngcontent-wkf-c236="" class="body"><eg-products-info-top-cartouche _ngcontent-wkf-c236="" _nghost-wkf-c199="" class="ng-star-inserted"><!----></eg-products-info-top-cartouche><!----><div _ngcontent-wkf-c236="" class="labels"><div _ngcontent-wkf-c236="" class="labels-container"></div><eg-products-info-top-fide _ngcontent-wkf-c236="" _nghost-wkf-c200=""><!----></eg-products-info-top-fide></div><div _ngcontent-wkf-c236="" id="category"><h5 _ngcontent-wkf-c236="" class="category"><span _ngcontent-wkf-c236="" class="txt ng-star-inserted">STKFL</span><!----><!----></h5><eg-product-temperature-block _ngcontent-wkf-c236="" _nghost-wkf-c202=""><img _ngcontent-wkf-c202="" src="https://cstatic.transgourmet.fr/tg-ecommerce/images/picto-frais.png" alt="Frais" title="Frais" class="pictoImg ng-star-inserted"><!----><!----><!----><!----></eg-product-temperature-block></div><div _ngcontent-wkf-c236="" class="title-wrapper"><a _ngcontent-wkf-c236=""><h3 _ngcontent-wkf-c236="" class="title">Framboise catégorie 1</h3><!----></a></div><p _ngcontent-wkf-c236="" class="text"> Par barquette de 125 g.<br _ngcontent-wkf-c236="" class="ng-star-inserted"><!----><!----><!----><!----></p><footer _ngcontent-wkf-c236=""><eg-gabarit-price _ngcontent-wkf-c236="" _nghost-wkf-c235="" class="ng-star-inserted"><div _ngcontent-wkf-c235="" class="price"> 2,82€ <!----></div><div _ngcontent-wkf-c235="" class="extra-wrapper"><div _ngcontent-wkf-c235="" class="extra"><div _ngcontent-wkf-c235=""><strong _ngcontent-wkf-c235=""><eg-product-trade-prices _ngcontent-wkf-c235="" _nghost-wkf-c155=""><div _ngcontent-wkf-c155="" class="prices-unity">Soit 22,55€ / kg </div><!----><!----><!----></eg-product-trade-prices></strong> Code : 276466<br _ngcontent-wkf-c235=""></div></div><button _ngcontent-wkf-c235="" type="button" class="btn btn__icon__basic"><svg _ngcontent-wkf-c235="" xmlns="http://www.w3.org/2000/svg" viewBox="0 0 19 17.08" width="37" height="34"><path _ngcontent-wkf-c235="" d="M14.25,17.08a1.88,1.88,0,1,1,1.88-1.88A1.88,1.88,0,0,1,14.25,17.08Zm0-3.05a1.18,1.18,0,1,0,1.18,1.18A1.18,1.18,0,0,0,14.25,14Z"></path><path _ngcontent-wkf-c235="" d="M6.65,17.08A1.88,1.88,0,1,1,8.53,15.2,1.88,1.88,0,0,1,6.65,17.08Zm0-3.05A1.18,1.18,0,1,0,7.83,15.2,1.18,1.18,0,0,0,6.65,14Z"></path><path _ngcontent-wkf-c235="" d="M16.7,8.49,5.15,10,3.72,3H18Zm2.22-6a.41.41,0,0,0-.32-.15h-15l-.4-2c0-.15-.24-.31-.4-.31H.4A.37.37,0,0,0,0,.39.37.37,0,0,0,.4.77H2.45l1.9,9.42A2.77,2.77,0,0,0,7,12.35h9.1a.39.39,0,1,0,0-.77h-9a1.84,1.84,0,0,1-1.58-.85L17.1,9.19a.34.34,0,0,0,.32-.31L19,2.7A.37.37,0,0,0,18.92,2.47Z"></path></svg></button></div></eg-gabarit-price><!----></footer></div></div><!----></div><!----><!----><!----><!----><!----><!----></eg-gabarit-basic><!----><!----><eg-gabarit-basic _ngcontent-wkf-c237="" _nghost-wkf-c236="" id="masonry-item-2" class="ng-star-inserted"><div _ngcontent-wkf-c236="" ngxmasonryitem="" class="Fruits Légumes et gabarit gabarit__xs gabarit__xs__1 grid-item ng-star-inserted" style="position: absolute; left: 0px; top: 366.219px; opacity: 1; transition-property: opacity, transform; transition-duration: 0.4s; transition-delay: 0ms;"><div _ngcontent-wkf-c236="" class="wrapper ng-star-inserted"><!----><header _ngcontent-wkf-c236="" class="header"><img _ngcontent-wkf-c236="" class="hidded" src="https://cstatic.transgourmet.fr/tg-ecommerce/images/products/detail/213653.jpg"><a _ngcontent-wkf-c236=""><img _ngcontent-wkf-c236="" class="visuel ng-star-inserted" src="https://cstatic.transgourmet.fr/tg-ecommerce/images/products/detail/213653.jpg"><!----><!----><!----></a><eg-product-info-pictos _ngcontent-wkf-c236="" _nghost-wkf-c203=""><div _ngcontent-wkf-c203="" id="infos-special-pictos"><!----><!----></div></eg-product-info-pictos></header><div _ngcontent-wkf-c236="" class="body"><eg-products-info-top-cartouche _ngcontent-wkf-c236="" _nghost-wkf-c199="" class="ng-star-inserted"><!----></eg-products-info-top-cartouche><!----><div _ngcontent-wkf-c236="" class="labels"><div _ngcontent-wkf-c236="" class="labels-container"></div><eg-products-info-top-fide _ngcontent-wkf-c236="" _nghost-wkf-c200=""><!----></eg-products-info-top-fide></div><div _ngcontent-wkf-c236="" id="category"><h5 _ngcontent-wkf-c236="" class="category"><span _ngcontent-wkf-c236="" class="txt ng-star-inserted">STKFL</span><!----><!----></h5><eg-product-temperature-block _ngcontent-wkf-c236="" _nghost-wkf-c202=""><img _ngcontent-wkf-c202="" src="https://cstatic.transgourmet.fr/tg-ecommerce/images/picto-frais.png" alt="Frais" title="Frais" class="pictoImg ng-star-inserted"><!----><!----><!----><!----></eg-product-temperature-block></div><div _ngcontent-wkf-c236="" class="title-wrapper"><a _ngcontent-wkf-c236=""><h3 _ngcontent-wkf-c236="" class="title">Myrtille catégorie 1</h3><!----></a></div><p _ngcontent-wkf-c236="" class="text"> Par barquette de 125 g.<br _ngcontent-wkf-c236="" class="ng-star-inserted"><!----><!----><!----><!----></p><footer _ngcontent-wkf-c236=""><eg-gabarit-price _ngcontent-wkf-c236="" _nghost-wkf-c235="" class="ng-star-inserted"><div _ngcontent-wkf-c235="" class="price"> 1,74€ <!----></div><div _ngcontent-wkf-c235="" class="extra-wrapper"><div _ngcontent-wkf-c235="" class="extra"><div _ngcontent-wkf-c235=""><strong _ngcontent-wkf-c235=""><eg-product-trade-prices _ngcontent-wkf-c235="" _nghost-wkf-c155=""><div _ngcontent-wkf-c155="" class="prices-unity">Soit 13,93€ / kg </div><!----><!----><!----></eg-product-trade-prices></strong> Code : 232065<br _ngcontent-wkf-c235=""></div></div><button _ngcontent-wkf-c235="" type="button" class="btn btn__icon__basic"><svg _ngcontent-wkf-c235="" xmlns="http://www.w3.org/2000/svg" viewBox="0 0 19 17.08" width="37" height="34"><path _ngcontent-wkf-c235="" d="M14.25,17.08a1.88,1.88,0,1,1,1.88-1.88A1.88,1.88,0,0,1,14.25,17.08Zm0-3.05a1.18,1.18,0,1,0,1.18,1.18A1.18,1.18,0,0,0,14.25,14Z"></path><path _ngcontent-wkf-c235="" d="M6.65,17.08A1.88,1.88,0,1,1,8.53,15.2,1.88,1.88,0,0,1,6.65,17.08Zm0-3.05A1.18,1.18,0,1,0,7.83,15.2,1.18,1.18,0,0,0,6.65,14Z"></path><path _ngcontent-wkf-c235="" d="M16.7,8.49,5.15,10,3.72,3H18Zm2.22-6a.41.41,0,0,0-.32-.15h-15l-.4-2c0-.15-.24-.31-.4-.31H.4A.37.37,0,0,0,0,.39.37.37,0,0,0,.4.77H2.45l1.9,9.42A2.77,2.77,0,0,0,7,12.35h9.1a.39.39,0,1,0,0-.77h-9a1.84,1.84,0,0,1-1.58-.85L17.1,9.19a.34.34,0,0,0,.32-.31L19,2.7A.37.37,0,0,0,18.92,2.47Z"></path></svg></button></div></eg-gabarit-price><!----></footer></div></div><!----></div><!----><!----><!----><!----><!----><!----></eg-gabarit-basic><!----><!----><eg-gabarit-basic _ngcontent-wkf-c237="" _nghost-wkf-c236="" id="masonry-item-3" class="ng-star-inserted"><div _ngcontent-wkf-c236="" ngxmasonryitem="" class="Fruits Légumes et gabarit gabarit__xs gabarit__xs__1 grid-item ng-star-inserted" style="position: absolute; left: 201px; top: 340.219px; opacity: 1; transition-property: opacity, transform; transition-duration: 0.4s; transition-delay: 0ms;"><div _ngcontent-wkf-c236="" class="wrapper ng-star-inserted"><!----><header _ngcontent-wkf-c236="" class="header"><img _ngcontent-wkf-c236="" class="hidded" src="https://cstatic.transgourmet.fr/tg-ecommerce/images/products/detail/253820.jpg"><a _ngcontent-wkf-c236=""><img _ngcontent-wkf-c236="" class="visuel ng-star-inserted" src="https://cstatic.transgourmet.fr/tg-ecommerce/images/products/detail/253820.jpg"><!----><!----><!----></a><eg-product-info-pictos _ngcontent-wkf-c236="" _nghost-wkf-c203=""><div _ngcontent-wkf-c203="" id="infos-special-pictos"><!----><!----></div></eg-product-info-pictos></header><div _ngcontent-wkf-c236="" class="body"><eg-products-info-top-cartouche _ngcontent-wkf-c236="" _nghost-wkf-c199="" class="ng-star-inserted"><!----></eg-products-info-top-cartouche><!----><div _ngcontent-wkf-c236="" class="labels"><div _ngcontent-wkf-c236="" class="labels-container"></div><eg-products-info-top-fide _ngcontent-wkf-c236="" _nghost-wkf-c200=""><!----></eg-products-info-top-fide></div><div _ngcontent-wkf-c236="" id="category"><h5 _ngcontent-wkf-c236="" class="category"><span _ngcontent-wkf-c236="" class="txt ng-star-inserted">STKFL</span><!----><!----></h5><eg-product-temperature-block _ngcontent-wkf-c236="" _nghost-wkf-c202=""><img _ngcontent-wkf-c202="" src="https://cstatic.transgourmet.fr/tg-ecommerce/images/picto-frais.png" alt="Frais" title="Frais" class="pictoImg ng-star-inserted"><!----><!----><!----><!----></eg-product-temperature-block></div><div _ngcontent-wkf-c236="" class="title-wrapper"><a _ngcontent-wkf-c236=""><h3 _ngcontent-wkf-c236="" class="title">Champignon de paris pied coupé</h3><!----></a></div><p _ngcontent-wkf-c236="" class="text"> Par colis de 3 kg.<br _ngcontent-wkf-c236="" class="ng-star-inserted"><!----><!----><!----><!----></p><footer _ngcontent-wkf-c236=""><eg-gabarit-price _ngcontent-wkf-c236="" _nghost-wkf-c235="" class="ng-star-inserted"><div _ngcontent-wkf-c235="" class="price"> 9,95€ <!----></div><div _ngcontent-wkf-c235="" class="extra-wrapper"><div _ngcontent-wkf-c235="" class="extra"><div _ngcontent-wkf-c235=""><strong _ngcontent-wkf-c235=""><eg-product-trade-prices _ngcontent-wkf-c235="" _nghost-wkf-c155=""><div _ngcontent-wkf-c155="" class="prices-unity">Soit 3,32€ / kg </div><!----><!----><!----></eg-product-trade-prices></strong> Code : 009044<br _ngcontent-wkf-c235=""></div></div><button _ngcontent-wkf-c235="" type="button" class="btn btn__icon__basic"><svg _ngcontent-wkf-c235="" xmlns="http://www.w3.org/2000/svg" viewBox="0 0 19 17.08" width="37" height="34"><path _ngcontent-wkf-c235="" d="M14.25,17.08a1.88,1.88,0,1,1,1.88-1.88A1.88,1.88,0,0,1,14.25,17.08Zm0-3.05a1.18,1.18,0,1,0,1.18,1.18A1.18,1.18,0,0,0,14.25,14Z"></path><path _ngcontent-wkf-c235="" d="M6.65,17.08A1.88,1.88,0,1,1,8.53,15.2,1.88,1.88,0,0,1,6.65,17.08Zm0-3.05A1.18,1.18,0,1,0,7.83,15.2,1.18,1.18,0,0,0,6.65,14Z"></path><path _ngcontent-wkf-c235="" d="M16.7,8.49,5.15,10,3.72,3H18Zm2.22-6a.41.41,0,0,0-.32-.15h-15l-.4-2c0-.15-.24-.31-.4-.31H.4A.37.37,0,0,0,0,.39.37.37,0,0,0,.4.77H2.45l1.9,9.42A2.77,2.77,0,0,0,7,12.35h9.1a.39.39,0,1,0,0-.77h-9a1.84,1.84,0,0,1-1.58-.85L17.1,9.19a.34.34,0,0,0,.32-.31L19,2.7A.37.37,0,0,0,18.92,2.47Z"></path></svg></button></div></eg-gabarit-price><!----></footer></div></div><!----></div><!----><!----><!----><!----><!----><!----></eg-gabarit-basic><!----><!----><eg-gabarit-basic _ngcontent-wkf-c237="" _nghost-wkf-c236="" id="masonry-item-4" class="ng-star-inserted"><div _ngcontent-wkf-c236="" ngxmasonryitem="" class="Fruits Légumes et gabarit gabarit__xs gabarit__xs__1 grid-item ng-star-inserted" style="position: absolute; left: 0px; top: 706.438px; opacity: 1; transition-property: opacity, transform; transition-duration: 0.4s; transition-delay: 0ms;"><div _ngcontent-wkf-c236="" class="wrapper ng-star-inserted"><!----><header _ngcontent-wkf-c236="" class="header"><img _ngcontent-wkf-c236="" class="hidded" src="https://cstatic.transgourmet.fr/tg-ecommerce/images/products/detail/232801.jpg"><a _ngcontent-wkf-c236=""><img _ngcontent-wkf-c236="" class="visuel ng-star-inserted" src="https://cstatic.transgourmet.fr/tg-ecommerce/images/products/detail/232801.jpg"><!----><!----><!----></a><eg-product-info-pictos _ngcontent-wkf-c236="" _nghost-wkf-c203=""><div _ngcontent-wkf-c203="" id="infos-special-pictos"><!----><!----></div></eg-product-info-pictos></header><div _ngcontent-wkf-c236="" class="body"><eg-products-info-top-cartouche _ngcontent-wkf-c236="" _nghost-wkf-c199="" class="ng-star-inserted"><div _ngcontent-wkf-c199="" id="infos-top" class="d-flex justify-content-end infos-top infos-top-body infos-top-cartouche ng-star-inserted"><div _ngcontent-wkf-c199="" id="infos-top__stripe" class="d-flex align-items-center justify-content-center infos-top__stripe"><img _ngcontent-wkf-c199="" src="assets/images/cartouche/promo.png"></div></div><!----></eg-products-info-top-cartouche><!----><div _ngcontent-wkf-c236="" class="labels"><div _ngcontent-wkf-c236="" class="labels-container"></div><eg-products-info-top-fide _ngcontent-wkf-c236="" _nghost-wkf-c200=""><!----></eg-products-info-top-fide></div><div _ngcontent-wkf-c236="" id="category"><h5 _ngcontent-wkf-c236="" class="category"><span _ngcontent-wkf-c236="" class="txt ng-star-inserted">STKFL</span><!----><!----></h5><eg-product-temperature-block _ngcontent-wkf-c236="" _nghost-wkf-c202=""><img _ngcontent-wkf-c202="" src="https://cstatic.transgourmet.fr/tg-ecommerce/images/picto-frais.png" alt="Frais" title="Frais" class="pictoImg ng-star-inserted"><!----><!----><!----><!----></eg-product-temperature-block></div><div _ngcontent-wkf-c236="" class="title-wrapper"><a _ngcontent-wkf-c236=""><h3 _ngcontent-wkf-c236="" class="title">Avocat hass calibre 22
catégorie 1</h3><!----></a></div><p _ngcontent-wkf-c236="" class="text"> Pièce de 180 g.<br _ngcontent-wkf-c236="" class="ng-star-inserted"><!----> Colis de 22 pièces.<br _ngcontent-wkf-c236="" class="ng-star-inserted"><!----><!----><!----><!----></p><footer _ngcontent-wkf-c236=""><eg-gabarit-price _ngcontent-wkf-c236="" _nghost-wkf-c235="" class="ng-star-inserted"><div _ngcontent-wkf-c235="" class="price"> 17,38€ <!----></div><div _ngcontent-wkf-c235="" class="extra-wrapper"><div _ngcontent-wkf-c235="" class="extra"><div _ngcontent-wkf-c235=""><strong _ngcontent-wkf-c235=""><eg-product-trade-prices _ngcontent-wkf-c235="" _nghost-wkf-c155=""><div _ngcontent-wkf-c155="" class="prices-unity">Soit 4,39€ / kg </div><div _ngcontent-wkf-c155="" class="prices-unity prices-other ng-star-inserted">Soit 0,79€ / pièce
</div><!----><!----><!----></eg-product-trade-prices></strong> Code : 008982<br _ngcontent-wkf-c235=""></div></div><button _ngcontent-wkf-c235="" type="button" class="btn btn__icon__basic"><svg _ngcontent-wkf-c235="" xmlns="http://www.w3.org/2000/svg" viewBox="0 0 19 17.08" width="37" height="34"><path _ngcontent-wkf-c235="" d="M14.25,17.08a1.88,1.88,0,1,1,1.88-1.88A1.88,1.88,0,0,1,14.25,17.08Zm0-3.05a1.18,1.18,0,1,0,1.18,1.18A1.18,1.18,0,0,0,14.25,14Z"></path><path _ngcontent-wkf-c235="" d="M6.65,17.08A1.88,1.88,0,1,1,8.53,15.2,1.88,1.88,0,0,1,6.65,17.08Zm0-3.05A1.18,1.18,0,1,0,7.83,15.2,1.18,1.18,0,0,0,6.65,14Z"></path><path _ngcontent-wkf-c235="" d="M16.7,8.49,5.15,10,3.72,3H18Zm2.22-6a.41.41,0,0,0-.32-.15h-15l-.4-2c0-.15-.24-.31-.4-.31H.4A.37.37,0,0,0,0,.39.37.37,0,0,0,.4.77H2.45l1.9,9.42A2.77,2.77,0,0,0,7,12.35h9.1a.39.39,0,1,0,0-.77h-9a1.84,1.84,0,0,1-1.58-.85L17.1,9.19a.34.34,0,0,0,.32-.31L19,2.7A.37.37,0,0,0,18.92,2.47Z"></path></svg></button></div></eg-gabarit-price><!----></footer></div></div><!----></div><!----><!----><!----><!----><!----><!----></eg-gabarit-basic><!----><!----><eg-gabarit-basic _ngcontent-wkf-c237="" _nghost-wkf-c236="" id="masonry-item-5" class="ng-star-inserted"><div _ngcontent-wkf-c236="" ngxmasonryitem="" class="Fruits Légumes et gabarit gabarit__xs gabarit__xs__1 grid-item ng-star-inserted" style="position: absolute; left: 201px; top: 694.438px; opacity: 1; transition-property: opacity, transform; transition-duration: 0.4s; transition-delay: 0ms;"><div _ngcontent-wkf-c236="" class="wrapper ng-star-inserted"><!----><header _ngcontent-wkf-c236="" class="header"><img _ngcontent-wkf-c236="" class="hidded" src="https://cstatic.transgourmet.fr/tg-ecommerce/images/products/detail/209859.jpg"><a _ngcontent-wkf-c236=""><img _ngcontent-wkf-c236="" class="visuel ng-star-inserted" src="https://cstatic.transgourmet.fr/tg-ecommerce/images/products/detail/209859.jpg"><!----><!----><!----></a><eg-product-info-pictos _ngcontent-wkf-c236="" _nghost-wkf-c203=""><div _ngcontent-wkf-c203="" id="infos-special-pictos"><!----><!----></div></eg-product-info-pictos></header><div _ngcontent-wkf-c236="" class="body"><eg-products-info-top-cartouche _ngcontent-wkf-c236="" _nghost-wkf-c199="" class="ng-star-inserted"><!----></eg-products-info-top-cartouche><!----><div _ngcontent-wkf-c236="" class="labels"><div _ngcontent-wkf-c236="" class="labels-container"></div><eg-products-info-top-fide _ngcontent-wkf-c236="" _nghost-wkf-c200=""><!----></eg-products-info-top-fide></div><div _ngcontent-wkf-c236="" id="category"><h5 _ngcontent-wkf-c236="" class="category"><span _ngcontent-wkf-c236="" class="txt ng-star-inserted">STKFL</span><!----><!----></h5><eg-product-temperature-block _ngcontent-wkf-c236="" _nghost-wkf-c202=""><img _ngcontent-wkf-c202="" src="https://cstatic.transgourmet.fr/tg-ecommerce/images/picto-frais.png" alt="Frais" title="Frais" class="pictoImg ng-star-inserted"><!----><!----><!----><!----></eg-product-temperature-block></div><div _ngcontent-wkf-c236="" class="title-wrapper"><a _ngcontent-wkf-c236=""><h3 _ngcontent-wkf-c236="" class="title">SALADE ICEBERG
CATEGORIE 1</h3><!----></a></div><p _ngcontent-wkf-c236="" class="text"> Pièce de 300 g.<br _ngcontent-wkf-c236="" class="ng-star-inserted"><!----> Colis de 10 pièces.<br _ngcontent-wkf-c236="" class="ng-star-inserted"><!----><!----><!----><!----></p><footer _ngcontent-wkf-c236=""><eg-gabarit-price _ngcontent-wkf-c236="" _nghost-wkf-c235="" class="ng-star-inserted"><div _ngcontent-wkf-c235="" class="price"> 18,24€ <!----></div><div _ngcontent-wkf-c235="" class="extra-wrapper"><div _ngcontent-wkf-c235="" class="extra"><div _ngcontent-wkf-c235=""><strong _ngcontent-wkf-c235=""><eg-product-trade-prices _ngcontent-wkf-c235="" _nghost-wkf-c155=""><div _ngcontent-wkf-c155="" class="prices-unity">Soit 6,08€ / kg </div><div _ngcontent-wkf-c155="" class="prices-unity prices-other ng-star-inserted">Soit 1,82€ / pièce
</div><!----><!----><!----></eg-product-trade-prices></strong> Code : 981350<br _ngcontent-wkf-c235=""></div></div><button _ngcontent-wkf-c235="" type="button" class="btn btn__icon__basic"><svg _ngcontent-wkf-c235="" xmlns="http://www.w3.org/2000/svg" viewBox="0 0 19 17.08" width="37" height="34"><path _ngcontent-wkf-c235="" d="M14.25,17.08a1.88,1.88,0,1,1,1.88-1.88A1.88,1.88,0,0,1,14.25,17.08Zm0-3.05a1.18,1.18,0,1,0,1.18,1.18A1.18,1.18,0,0,0,14.25,14Z"></path><path _ngcontent-wkf-c235="" d="M6.65,17.08A1.88,1.88,0,1,1,8.53,15.2,1.88,1.88,0,0,1,6.65,17.08Zm0-3.05A1.18,1.18,0,1,0,7.83,15.2,1.18,1.18,0,0,0,6.65,14Z"></path><path _ngcontent-wkf-c235="" d="M16.7,8.49,5.15,10,3.72,3H18Zm2.22-6a.41.41,0,0,0-.32-.15h-15l-.4-2c0-.15-.24-.31-.4-.31H.4A.37.37,0,0,0,0,.39.37.37,0,0,0,.4.77H2.45l1.9,9.42A2.77,2.77,0,0,0,7,12.35h9.1a.39.39,0,1,0,0-.77h-9a1.84,1.84,0,0,1-1.58-.85L17.1,9.19a.34.34,0,0,0,.32-.31L19,2.7A.37.37,0,0,0,18.92,2.47Z"></path></svg></button></div></eg-gabarit-price><!----></footer></div></div><!----></div><!----><!----><!----><!----><!----><!----></eg-gabarit-basic><!----><!----><eg-gabarit-basic _ngcontent-wkf-c237="" _nghost-wkf-c236="" id="masonry-item-6" class="ng-star-inserted"><div _ngcontent-wkf-c236="" ngxmasonryitem="" class="Fruits Légumes et gabarit gabarit__xs gabarit__xs__1 grid-item ng-star-inserted" style="position: absolute; left: 0px; top: 1072.66px; opacity: 1; transition-property: opacity, transform; transition-duration: 0.4s; transition-delay: 0ms;"><div _ngcontent-wkf-c236="" class="wrapper ng-star-inserted"><!----><header _ngcontent-wkf-c236="" class="header"><img _ngcontent-wkf-c236="" class="hidded" src="https://cstatic.transgourmet.fr/tg-ecommerce/images/products/detail/232086.jpg"><a _ngcontent-wkf-c236=""><img _ngcontent-wkf-c236="" class="visuel ng-star-inserted" src="https://cstatic.transgourmet.fr/tg-ecommerce/images/products/detail/232086.jpg"><!----><!----><!----></a><eg-product-info-pictos _ngcontent-wkf-c236="" _nghost-wkf-c203=""><div _ngcontent-wkf-c203="" id="infos-special-pictos"><!----><!----></div></eg-product-info-pictos></header><div _ngcontent-wkf-c236="" class="body"><eg-products-info-top-cartouche _ngcontent-wkf-c236="" _nghost-wkf-c199="" class="ng-star-inserted"><!----></eg-products-info-top-cartouche><!----><div _ngcontent-wkf-c236="" class="labels"><div _ngcontent-wkf-c236="" class="labels-container"></div><eg-products-info-top-fide _ngcontent-wkf-c236="" _nghost-wkf-c200=""><!----></eg-products-info-top-fide></div><div _ngcontent-wkf-c236="" id="category"><h5 _ngcontent-wkf-c236="" class="category"><span _ngcontent-wkf-c236="" class="txt ng-star-inserted">STKFL</span><!----><!----></h5><eg-product-temperature-block _ngcontent-wkf-c236="" _nghost-wkf-c202=""><img _ngcontent-wkf-c202="" src="https://cstatic.transgourmet.fr/tg-ecommerce/images/picto-frais.png" alt="Frais" title="Frais" class="pictoImg ng-star-inserted"><!----><!----><!----><!----></eg-product-temperature-block></div><div _ngcontent-wkf-c236="" class="title-wrapper"><a _ngcontent-wkf-c236=""><h3 _ngcontent-wkf-c236="" class="title">FRAISE
CATEGORIE 1
BARQUETTE DE 500 G - GGA</h3><!----></a></div><p _ngcontent-wkf-c236="" class="text"> Par barquette de 500 g.<br _ngcontent-wkf-c236="" class="ng-star-inserted"><!----><!----><!----><!----></p><footer _ngcontent-wkf-c236=""><eg-gabarit-price _ngcontent-wkf-c236="" _nghost-wkf-c235="" class="ng-star-inserted"><div _ngcontent-wkf-c235="" class="price"> 4,98€ <!----></div><div _ngcontent-wkf-c235="" class="extra-wrapper"><div _ngcontent-wkf-c235="" class="extra"><div _ngcontent-wkf-c235=""><strong _ngcontent-wkf-c235=""><eg-product-trade-prices _ngcontent-wkf-c235="" _nghost-wkf-c155=""><div _ngcontent-wkf-c155="" class="prices-unity">Soit 9,95€ / kg </div><!----><!----><!----></eg-product-trade-prices></strong> Code : 966698<br _ngcontent-wkf-c235=""></div></div><button _ngcontent-wkf-c235="" type="button" class="btn btn__icon__basic"><svg _ngcontent-wkf-c235="" xmlns="http://www.w3.org/2000/svg" viewBox="0 0 19 17.08" width="37" height="34"><path _ngcontent-wkf-c235="" d="M14.25,17.08a1.88,1.88,0,1,1,1.88-1.88A1.88,1.88,0,0,1,14.25,17.08Zm0-3.05a1.18,1.18,0,1,0,1.18,1.18A1.18,1.18,0,0,0,14.25,14Z"></path><path _ngcontent-wkf-c235="" d="M6.65,17.08A1.88,1.88,0,1,1,8.53,15.2,1.88,1.88,0,0,1,6.65,17.08Zm0-3.05A1.18,1.18,0,1,0,7.83,15.2,1.18,1.18,0,0,0,6.65,14Z"></path><path _ngcontent-wkf-c235="" d="M16.7,8.49,5.15,10,3.72,3H18Zm2.22-6a.41.41,0,0,0-.32-.15h-15l-.4-2c0-.15-.24-.31-.4-.31H.4A.37.37,0,0,0,0,.39.37.37,0,0,0,.4.77H2.45l1.9,9.42A2.77,2.77,0,0,0,7,12.35h9.1a.39.39,0,1,0,0-.77h-9a1.84,1.84,0,0,1-1.58-.85L17.1,9.19a.34.34,0,0,0,.32-.31L19,2.7A.37.37,0,0,0,18.92,2.47Z"></path></svg></button></div></eg-gabarit-price><!----></footer></div></div><!----></div><!----><!----><!----><!----><!----><!----></eg-gabarit-basic><!----><!----><eg-gabarit-basic _ngcontent-wkf-c237="" _nghost-wkf-c236="" id="masonry-item-7" class="ng-star-inserted"><div _ngcontent-wkf-c236="" ngxmasonryitem="" class="Fruits Légumes et gabarit gabarit__xs gabarit__xs__1 grid-item ng-star-inserted" style="position: absolute; left: 201px; top: 1060.66px; opacity: 1; transition-property: opacity, transform; transition-duration: 0.4s; transition-delay: 0ms;"><div _ngcontent-wkf-c236="" class="wrapper ng-star-inserted"><!----><header _ngcontent-wkf-c236="" class="header"><img _ngcontent-wkf-c236="" class="hidded" src="https://cstatic.transgourmet.fr/tg-ecommerce/images/products/detail/203483.jpg"><a _ngcontent-wkf-c236=""><img _ngcontent-wkf-c236="" class="visuel ng-star-inserted" src="https://cstatic.transgourmet.fr/tg-ecommerce/images/products/detail/203483.jpg"><!----><!----><!----></a><eg-product-info-pictos _ngcontent-wkf-c236="" _nghost-wkf-c203=""><div _ngcontent-wkf-c203="" id="infos-special-pictos"><!----><!----></div></eg-product-info-pictos></header><div _ngcontent-wkf-c236="" class="body"><eg-products-info-top-cartouche _ngcontent-wkf-c236="" _nghost-wkf-c199="" class="ng-star-inserted"><!----></eg-products-info-top-cartouche><!----><div _ngcontent-wkf-c236="" class="labels"><div _ngcontent-wkf-c236="" class="labels-container"></div><eg-products-info-top-fide _ngcontent-wkf-c236="" _nghost-wkf-c200=""><!----></eg-products-info-top-fide></div><div _ngcontent-wkf-c236="" id="category"><h5 _ngcontent-wkf-c236="" class="category"><span _ngcontent-wkf-c236="" class="txt ng-star-inserted">STKFL</span><!----><!----></h5><eg-product-temperature-block _ngcontent-wkf-c236="" _nghost-wkf-c202=""><img _ngcontent-wkf-c202="" src="https://cstatic.transgourmet.fr/tg-ecommerce/images/picto-frais.png" alt="Frais" title="Frais" class="pictoImg ng-star-inserted"><!----><!----><!----><!----></eg-product-temperature-block></div><div _ngcontent-wkf-c236="" class="title-wrapper"><a _ngcontent-wkf-c236=""><h3 _ngcontent-wkf-c236="" class="title">TOMATE RONDE EQUEUETEE
CALIBRE 47/57
CATEGORIE 1</h3><h3 _ngcontent-wkf-c236="" class="title ng-star-inserted"> COLIS DE 6 KG - *CT </h3><!----></a></div><p _ngcontent-wkf-c236="" class="text"> Portion de 66.667 g.<br _ngcontent-wkf-c236="" class="ng-star-inserted"><!----> Colis de 90 portions.<br _ngcontent-wkf-c236="" class="ng-star-inserted"><!----><!----><!----><!----></p><footer _ngcontent-wkf-c236=""><eg-gabarit-price _ngcontent-wkf-c236="" _nghost-wkf-c235="" class="ng-star-inserted"><div _ngcontent-wkf-c235="" class="price"> 13,24€ <!----></div><div _ngcontent-wkf-c235="" class="extra-wrapper"><div _ngcontent-wkf-c235="" class="extra"><div _ngcontent-wkf-c235=""><strong _ngcontent-wkf-c235=""><eg-product-trade-prices _ngcontent-wkf-c235="" _nghost-wkf-c155=""><div _ngcontent-wkf-c155="" class="prices-unity">Soit 2,21€ / kg </div><!----><div _ngcontent-wkf-c155="" class="prices-unity prices-other ng-star-inserted">Soit 0,15€ / portions </div><!----><!----></eg-product-trade-prices></strong> Code : 966597<br _ngcontent-wkf-c235=""></div></div><button _ngcontent-wkf-c235="" type="button" class="btn btn__icon__basic"><svg _ngcontent-wkf-c235="" xmlns="http://www.w3.org/2000/svg" viewBox="0 0 19 17.08" width="37" height="34"><path _ngcontent-wkf-c235="" d="M14.25,17.08a1.88,1.88,0,1,1,1.88-1.88A1.88,1.88,0,0,1,14.25,17.08Zm0-3.05a1.18,1.18,0,1,0,1.18,1.18A1.18,1.18,0,0,0,14.25,14Z"></path><path _ngcontent-wkf-c235="" d="M6.65,17.08A1.88,1.88,0,1,1,8.53,15.2,1.88,1.88,0,0,1,6.65,17.08Zm0-3.05A1.18,1.18,0,1,0,7.83,15.2,1.18,1.18,0,0,0,6.65,14Z"></path><path _ngcontent-wkf-c235="" d="M16.7,8.49,5.15,10,3.72,3H18Zm2.22-6a.41.41,0,0,0-.32-.15h-15l-.4-2c0-.15-.24-.31-.4-.31H.4A.37.37,0,0,0,0,.39.37.37,0,0,0,.4.77H2.45l1.9,9.42A2.77,2.77,0,0,0,7,12.35h9.1a.39.39,0,1,0,0-.77h-9a1.84,1.84,0,0,1-1.58-.85L17.1,9.19a.34.34,0,0,0,.32-.31L19,2.7A.37.37,0,0,0,18.92,2.47Z"></path></svg></button></div></eg-gabarit-price><!----></footer></div></div><!----></div><!----><!----><!----><!----><!----><!----></eg-gabarit-basic><!----><!----><!----></ngx-masonry><!----></div><!----></div><!----><!----><div _ngcontent-wkf-c237="" class="container container__catalogue ng-star-inserted"><div _ngcontent-wkf-c237="" class="ng-star-inserted"><div _ngcontent-wkf-c237="" class="title__catalogue"><h2 _ngcontent-wkf-c237="" class="text">Produits de Restauration</h2><div _ngcontent-wkf-c237="" class="badge_catalogue">9 produits</div></div><ngx-masonry _ngcontent-wkf-c237="" _nghost-wkf-c142="" class="ng-star-inserted" style="position: relative; height: 782.625px;"><eg-gabarit-basic _ngcontent-wkf-c237="" _nghost-wkf-c236="" id="masonry-item-0" class="ng-star-inserted"><div _ngcontent-wkf-c236="" ngxmasonryitem="" class="Produits Restauration de gabarit gabarit__xs gabarit__xs__1 grid-item ng-star-inserted" style="position: absolute; left: 0px; top: 0px; opacity: 1; transition-property: opacity, transform; transition-duration: 0.4s; transition-delay: 0ms;"><div _ngcontent-wkf-c236="" class="wrapper ng-star-inserted"><!----><header _ngcontent-wkf-c236="" class="header"><img _ngcontent-wkf-c236="" class="hidded" src="https://cstatic.transgourmet.fr/tg-ecommerce/images/products/detail/231417.jpg"><a _ngcontent-wkf-c236=""><img _ngcontent-wkf-c236="" class="visuel ng-star-inserted" src="https://cstatic.transgourmet.fr/tg-ecommerce/images/products/detail/231417.jpg"><!----><!----><!----></a><eg-product-info-pictos _ngcontent-wkf-c236="" _nghost-wkf-c203=""><div _ngcontent-wkf-c203="" id="infos-special-pictos"><img _ngcontent-wkf-c203="" alt="veggie" src="assets/images/picto-veggie-web-blanc.png" class="ng-star-inserted"><!----><!----></div></eg-product-info-pictos></header><div _ngcontent-wkf-c236="" class="body"><eg-products-info-top-cartouche _ngcontent-wkf-c236="" _nghost-wkf-c199="" class="ng-star-inserted"><div _ngcontent-wkf-c199="" id="infos-top" class="d-flex justify-content-end infos-top infos-top-body infos-top-cartouche ng-star-inserted"><div _ngcontent-wkf-c199="" id="infos-top__stripe" class="d-flex align-items-center justify-content-center infos-top__stripe"><img _ngcontent-wkf-c199="" src="assets/images/cartouche/promo.png"></div></div><!----></eg-products-info-top-cartouche><!----><div _ngcontent-wkf-c236="" class="labels"><div _ngcontent-wkf-c236="" class="labels-container"></div><eg-products-info-top-fide _ngcontent-wkf-c236="" _nghost-wkf-c200=""><!----></eg-products-info-top-fide></div><div _ngcontent-wkf-c236="" id="category"><h5 _ngcontent-wkf-c236="" class="category"><span _ngcontent-wkf-c236="" class="txt ng-star-inserted">BARILLA</span><!----><!----></h5><eg-product-temperature-block _ngcontent-wkf-c236="" _nghost-wkf-c202=""><!----><!----></eg-product-temperature-block></div><div _ngcontent-wkf-c236="" class="title-wrapper"><a _ngcontent-wkf-c236=""><h3 _ngcontent-wkf-c236="" class="title">Sauce pesto alla genovese</h3><!----></a></div><p _ngcontent-wkf-c236="" class="text"> Par poche de 500 g.<br _ngcontent-wkf-c236="" class="ng-star-inserted"><!----> Colis de 6 poches.<br _ngcontent-wkf-c236="" class="ng-star-inserted"><!----><!----><!----><!----></p><footer _ngcontent-wkf-c236=""><eg-gabarit-price _ngcontent-wkf-c236="" _nghost-wkf-c235="" class="ng-star-inserted"><div _ngcontent-wkf-c235="" class="price"> 5,95€ <!----></div><div _ngcontent-wkf-c235="" class="extra-wrapper"><div _ngcontent-wkf-c235="" class="extra"><div _ngcontent-wkf-c235=""><strong _ngcontent-wkf-c235=""><eg-product-trade-prices _ngcontent-wkf-c235="" _nghost-wkf-c155=""><div _ngcontent-wkf-c155="" class="prices-unity">Soit 11,90€ / kg </div><!----><!----><!----></eg-product-trade-prices></strong> Code : 970268<br _ngcontent-wkf-c235=""></div></div><button _ngcontent-wkf-c235="" type="button" class="btn btn__icon__basic"><svg _ngcontent-wkf-c235="" xmlns="http://www.w3.org/2000/svg" viewBox="0 0 19 17.08" width="37" height="34"><path _ngcontent-wkf-c235="" d="M14.25,17.08a1.88,1.88,0,1,1,1.88-1.88A1.88,1.88,0,0,1,14.25,17.08Zm0-3.05a1.18,1.18,0,1,0,1.18,1.18A1.18,1.18,0,0,0,14.25,14Z"></path><path _ngcontent-wkf-c235="" d="M6.65,17.08A1.88,1.88,0,1,1,8.53,15.2,1.88,1.88,0,0,1,6.65,17.08Zm0-3.05A1.18,1.18,0,1,0,7.83,15.2,1.18,1.18,0,0,0,6.65,14Z"></path><path _ngcontent-wkf-c235="" d="M16.7,8.49,5.15,10,3.72,3H18Zm2.22-6a.41.41,0,0,0-.32-.15h-15l-.4-2c0-.15-.24-.31-.4-.31H.4A.37.37,0,0,0,0,.39.37.37,0,0,0,.4.77H2.45l1.9,9.42A2.77,2.77,0,0,0,7,12.35h9.1a.39.39,0,1,0,0-.77h-9a1.84,1.84,0,0,1-1.58-.85L17.1,9.19a.34.34,0,0,0,.32-.31L19,2.7A.37.37,0,0,0,18.92,2.47Z"></path></svg></button></div></eg-gabarit-price><!----></footer></div></div><!----></div><!----><!----><!----><!----><!----><!----></eg-gabarit-basic><!----><!----><eg-gabarit-basic _ngcontent-wkf-c237="" _nghost-wkf-c236="" id="masonry-item-1" class="ng-star-inserted"><div _ngcontent-wkf-c236="" ngxmasonryitem="" class="Produits Restauration de gabarit gabarit__xs gabarit__xs__1 grid-item ng-star-inserted" style="position: absolute; left: 201px; top: 0px; opacity: 1; transition-property: opacity, transform; transition-duration: 0.4s; transition-delay: 0ms;"><div _ngcontent-wkf-c236="" class="wrapper ng-star-inserted"><!----><header _ngcontent-wkf-c236="" class="header"><img _ngcontent-wkf-c236="" class="hidded" src="https://cstatic.transgourmet.fr/tg-ecommerce/images/products/detail/215770.jpg"><a _ngcontent-wkf-c236=""><img _ngcontent-wkf-c236="" class="visuel ng-star-inserted" src="https://cstatic.transgourmet.fr/tg-ecommerce/images/products/detail/215770.jpg"><!----><!----><!----></a><eg-product-info-pictos _ngcontent-wkf-c236="" _nghost-wkf-c203=""><div _ngcontent-wkf-c203="" id="infos-special-pictos"><img _ngcontent-wkf-c203="" alt="veggie" src="assets/images/picto-veggie-web-blanc.png" class="ng-star-inserted"><!----><!----></div></eg-product-info-pictos></header><div _ngcontent-wkf-c236="" class="body"><eg-products-info-top-cartouche _ngcontent-wkf-c236="" _nghost-wkf-c199="" class="ng-star-inserted"><div _ngcontent-wkf-c199="" id="infos-top" class="d-flex justify-content-end infos-top infos-top-body infos-top-cartouche ng-star-inserted"><div _ngcontent-wkf-c199="" id="infos-top__stripe" class="d-flex align-items-center justify-content-center infos-top__stripe"><img _ngcontent-wkf-c199="" src="assets/images/cartouche/promo.png"></div></div><!----></eg-products-info-top-cartouche><!----><div _ngcontent-wkf-c236="" class="labels"><div _ngcontent-wkf-c236="" class="labels-container"></div><eg-products-info-top-fide _ngcontent-wkf-c236="" _nghost-wkf-c200=""><!----></eg-products-info-top-fide></div><div _ngcontent-wkf-c236="" id="category"><h5 _ngcontent-wkf-c236="" class="category"><span _ngcontent-wkf-c236="" class="txt ng-star-inserted">CEMOI</span><!----><!----></h5><eg-product-temperature-block _ngcontent-wkf-c236="" _nghost-wkf-c202=""><!----><!----></eg-product-temperature-block></div><div _ngcontent-wkf-c236="" class="title-wrapper"><a _ngcontent-wkf-c236=""><h3 _ngcontent-wkf-c236="" class="title">Pâte à tartiner 13 %
de noisette</h3><h3 _ngcontent-wkf-c236="" class="title ng-star-inserted"> seau de 3 kg </h3><!----></a></div><p _ngcontent-wkf-c236="" class="text"> Par seau de 3 kg.<br _ngcontent-wkf-c236="" class="ng-star-inserted"><!----><!----><!----><!----></p><footer _ngcontent-wkf-c236=""><eg-gabarit-price _ngcontent-wkf-c236="" _nghost-wkf-c235="" class="ng-star-inserted"><div _ngcontent-wkf-c235="" class="price"> 16,37€ <!----></div><div _ngcontent-wkf-c235="" class="extra-wrapper"><div _ngcontent-wkf-c235="" class="extra"><div _ngcontent-wkf-c235=""><strong _ngcontent-wkf-c235=""><eg-product-trade-prices _ngcontent-wkf-c235="" _nghost-wkf-c155=""><div _ngcontent-wkf-c155="" class="prices-unity">Soit 5,46€ / kg </div><!----><!----><!----></eg-product-trade-prices></strong> Code : 242685<br _ngcontent-wkf-c235=""></div></div><button _ngcontent-wkf-c235="" type="button" class="btn btn__icon__basic"><svg _ngcontent-wkf-c235="" xmlns="http://www.w3.org/2000/svg" viewBox="0 0 19 17.08" width="37" height="34"><path _ngcontent-wkf-c235="" d="M14.25,17.08a1.88,1.88,0,1,1,1.88-1.88A1.88,1.88,0,0,1,14.25,17.08Zm0-3.05a1.18,1.18,0,1,0,1.18,1.18A1.18,1.18,0,0,0,14.25,14Z"></path><path _ngcontent-wkf-c235="" d="M6.65,17.08A1.88,1.88,0,1,1,8.53,15.2,1.88,1.88,0,0,1,6.65,17.08Zm0-3.05A1.18,1.18,0,1,0,7.83,15.2,1.18,1.18,0,0,0,6.65,14Z"></path><path _ngcontent-wkf-c235="" d="M16.7,8.49,5.15,10,3.72,3H18Zm2.22-6a.41.41,0,0,0-.32-.15h-15l-.4-2c0-.15-.24-.31-.4-.31H.4A.37.37,0,0,0,0,.39.37.37,0,0,0,.4.77H2.45l1.9,9.42A2.77,2.77,0,0,0,7,12.35h9.1a.39.39,0,1,0,0-.77h-9a1.84,1.84,0,0,1-1.58-.85L17.1,9.19a.34.34,0,0,0,.32-.31L19,2.7A.37.37,0,0,0,18.92,2.47Z"></path></svg></button></div></eg-gabarit-price><!----></footer></div></div><!----></div><!----><!----><!----><!----><!----><!----></eg-gabarit-basic><!----><!----><eg-gabarit-basic _ngcontent-wkf-c237="" _nghost-wkf-c236="" id="masonry-item-2" class="ng-star-inserted"><div _ngcontent-wkf-c236="" ngxmasonryitem="" class="Produits Restauration de gabarit gabarit__xs gabarit__xs__1 grid-item ng-star-inserted" style="position: absolute; left: 0px; top: 358.797px; opacity: 1; transition-property: opacity, transform; transition-duration: 0.4s; transition-delay: 0ms;"><div _ngcontent-wkf-c236="" class="wrapper ng-star-inserted"><!----><header _ngcontent-wkf-c236="" class="header"><img _ngcontent-wkf-c236="" class="hidded" src="https://cstatic.transgourmet.fr/tg-ecommerce/images/products/detail/206464.jpg"><a _ngcontent-wkf-c236=""><img _ngcontent-wkf-c236="" class="visuel ng-star-inserted" src="https://cstatic.transgourmet.fr/tg-ecommerce/images/products/detail/206464.jpg"><!----><!----><!----></a><eg-product-info-pictos _ngcontent-wkf-c236="" _nghost-wkf-c203=""><div _ngcontent-wkf-c203="" id="infos-special-pictos"><img _ngcontent-wkf-c203="" alt="veggie" src="assets/images/picto-veggie-web-blanc.png" class="ng-star-inserted"><!----><!----></div></eg-product-info-pictos></header><div _ngcontent-wkf-c236="" class="body"><eg-products-info-top-cartouche _ngcontent-wkf-c236="" _nghost-wkf-c199="" class="ng-star-inserted"><div _ngcontent-wkf-c199="" id="infos-top" class="d-flex justify-content-end infos-top infos-top-body infos-top-cartouche ng-star-inserted"><div _ngcontent-wkf-c199="" id="infos-top__stripe" class="d-flex align-items-center justify-content-center infos-top__stripe"><img _ngcontent-wkf-c199="" src="assets/images/cartouche/promo.png"></div></div><!----></eg-products-info-top-cartouche><!----><div _ngcontent-wkf-c236="" class="labels"><div _ngcontent-wkf-c236="" class="labels-container"></div><eg-products-info-top-fide _ngcontent-wkf-c236="" _nghost-wkf-c200=""><div _ngcontent-wkf-c200="" id="info-top-fide" class="d-flex flex-row justify-content-end ng-star-inserted"><div _ngcontent-wkf-c200="" class="d-flex flex-row-reverse justify-content-between w-100"><div _ngcontent-wkf-c200="" class="order-2 points-gourmets ng-star-inserted" title="5 points /&nbsp;sachet"><div _ngcontent-wkf-c200="" class="points">5</div><div _ngcontent-wkf-c200="" class="unit carre"><span _ngcontent-wkf-c200="">/&nbsp;sachet</span></div><img _ngcontent-wkf-c200="" src="assets/images/points-gourmets.553b6337.jpg" alt=""></div><!----><!----></div></div><!----></eg-products-info-top-fide></div><div _ngcontent-wkf-c236="" id="category"><h5 _ngcontent-wkf-c236="" class="category"><span _ngcontent-wkf-c236="" class="txt ng-star-inserted">D'AUCY</span><!----><!----></h5><eg-product-temperature-block _ngcontent-wkf-c236="" _nghost-wkf-c202=""><!----><img _ngcontent-wkf-c202="" src="https://cstatic.transgourmet.fr/tg-ecommerce/images/picto-surgele.png" class="pictoImg ng-star-inserted" alt="Surgelé" title="Surgelé"><!----><!----><!----></eg-product-temperature-block></div><div _ngcontent-wkf-c236="" class="title-wrapper"><a _ngcontent-wkf-c236=""><h3 _ngcontent-wkf-c236="" class="title">Légumes pour tarte: légumes
du soleil</h3><h3 _ngcontent-wkf-c236="" class="title ng-star-inserted"> sachet de 2.5 kg </h3><!----></a></div><p _ngcontent-wkf-c236="" class="text"> Par sachet de 2.5 kg.<br _ngcontent-wkf-c236="" class="ng-star-inserted"><!----> Colis de 4 sachets.<br _ngcontent-wkf-c236="" class="ng-star-inserted"><!----><!----><!----><!----></p><footer _ngcontent-wkf-c236=""><eg-gabarit-price _ngcontent-wkf-c236="" _nghost-wkf-c235="" class="ng-star-inserted"><div _ngcontent-wkf-c235="" class="price"> 12,23€ <!----></div><div _ngcontent-wkf-c235="" class="extra-wrapper"><div _ngcontent-wkf-c235="" class="extra"><div _ngcontent-wkf-c235=""><strong _ngcontent-wkf-c235=""><eg-product-trade-prices _ngcontent-wkf-c235="" _nghost-wkf-c155=""><div _ngcontent-wkf-c155="" class="prices-unity">Soit 4,89€ / kg </div><!----><!----><!----></eg-product-trade-prices></strong> Code : 225511<br _ngcontent-wkf-c235=""></div></div><button _ngcontent-wkf-c235="" type="button" class="btn btn__icon__basic"><svg _ngcontent-wkf-c235="" xmlns="http://www.w3.org/2000/svg" viewBox="0 0 19 17.08" width="37" height="34"><path _ngcontent-wkf-c235="" d="M14.25,17.08a1.88,1.88,0,1,1,1.88-1.88A1.88,1.88,0,0,1,14.25,17.08Zm0-3.05a1.18,1.18,0,1,0,1.18,1.18A1.18,1.18,0,0,0,14.25,14Z"></path><path _ngcontent-wkf-c235="" d="M6.65,17.08A1.88,1.88,0,1,1,8.53,15.2,1.88,1.88,0,0,1,6.65,17.08Zm0-3.05A1.18,1.18,0,1,0,7.83,15.2,1.18,1.18,0,0,0,6.65,14Z"></path><path _ngcontent-wkf-c235="" d="M16.7,8.49,5.15,10,3.72,3H18Zm2.22-6a.41.41,0,0,0-.32-.15h-15l-.4-2c0-.15-.24-.31-.4-.31H.4A.37.37,0,0,0,0,.39.37.37,0,0,0,.4.77H2.45l1.9,9.42A2.77,2.77,0,0,0,7,12.35h9.1a.39.39,0,1,0,0-.77h-9a1.84,1.84,0,0,1-1.58-.85L17.1,9.19a.34.34,0,0,0,.32-.31L19,2.7A.37.37,0,0,0,18.92,2.47Z"></path></svg></button></div></eg-gabarit-price><!----></footer></div></div><!----></div><!----><!----><!----><!----><!----><!----></eg-gabarit-basic><!----><!----><eg-gabarit-basic _ngcontent-wkf-c237="" _nghost-wkf-c236="" id="masonry-item-3" class="ng-star-inserted"><div _ngcontent-wkf-c236="" ngxmasonryitem="" class="Produits Restauration de gabarit gabarit__xs gabarit__xs__1 grid-item ng-star-inserted" style="position: absolute; left: 201px; top: 365.797px; opacity: 1; transition-property: opacity, transform; transition-duration: 0.4s; transition-delay: 0ms;"><div _ngcontent-wkf-c236="" class="wrapper ng-star-inserted"><!----><header _ngcontent-wkf-c236="" class="header"><img _ngcontent-wkf-c236="" class="hidded" src="https://cstatic.transgourmet.fr/tg-ecommerce/images/products/detail/215640.jpg"><a _ngcontent-wkf-c236=""><img _ngcontent-wkf-c236="" class="visuel ng-star-inserted" src="https://cstatic.transgourmet.fr/tg-ecommerce/images/products/detail/215640.jpg"><!----><!----><!----></a><eg-product-info-pictos _ngcontent-wkf-c236="" _nghost-wkf-c203=""><div _ngcontent-wkf-c203="" id="infos-special-pictos"><!----><!----></div></eg-product-info-pictos></header><div _ngcontent-wkf-c236="" class="body"><eg-products-info-top-cartouche _ngcontent-wkf-c236="" _nghost-wkf-c199="" class="ng-star-inserted"><div _ngcontent-wkf-c199="" id="infos-top" class="d-flex justify-content-end infos-top infos-top-body infos-top-cartouche ng-star-inserted"><div _ngcontent-wkf-c199="" id="infos-top__stripe" class="d-flex align-items-center justify-content-center infos-top__stripe"><img _ngcontent-wkf-c199="" src="assets/images/cartouche/promo.png"></div></div><!----></eg-products-info-top-cartouche><!----><div _ngcontent-wkf-c236="" class="labels"><div _ngcontent-wkf-c236="" class="labels-container"></div><eg-products-info-top-fide _ngcontent-wkf-c236="" _nghost-wkf-c200=""><!----></eg-products-info-top-fide></div><div _ngcontent-wkf-c236="" id="category"><h5 _ngcontent-wkf-c236="" class="category"><span _ngcontent-wkf-c236="" class="txt ng-star-inserted">PERE DODU</span><!----><!----></h5><eg-product-temperature-block _ngcontent-wkf-c236="" _nghost-wkf-c202=""><!----><img _ngcontent-wkf-c202="" src="https://cstatic.transgourmet.fr/tg-ecommerce/images/picto-surgele.png" class="pictoImg ng-star-inserted" alt="Surgelé" title="Surgelé"><!----><!----><!----></eg-product-temperature-block></div><div _ngcontent-wkf-c236="" class="title-wrapper"><a _ngcontent-wkf-c236=""><h3 _ngcontent-wkf-c236="" class="title">Aiguillettes de poulet
corn flakes ue
pièce 51/70 g</h3><!----></a></div><p _ngcontent-wkf-c236="" class="text"> Par colis de 5 kg.<br _ngcontent-wkf-c236="" class="ng-star-inserted"><!----><!----><!----><!----></p><footer _ngcontent-wkf-c236=""><eg-gabarit-price _ngcontent-wkf-c236="" _nghost-wkf-c235="" class="ng-star-inserted"><div _ngcontent-wkf-c235="" class="price"> 42,00€ <!----></div><div _ngcontent-wkf-c235="" class="extra-wrapper"><div _ngcontent-wkf-c235="" class="extra"><div _ngcontent-wkf-c235=""><strong _ngcontent-wkf-c235=""><eg-product-trade-prices _ngcontent-wkf-c235="" _nghost-wkf-c155=""><div _ngcontent-wkf-c155="" class="prices-unity">Soit 8,40€ / kg </div><!----><!----><!----></eg-product-trade-prices></strong> Code : 225473<br _ngcontent-wkf-c235=""></div></div><button _ngcontent-wkf-c235="" type="button" class="btn btn__icon__basic"><svg _ngcontent-wkf-c235="" xmlns="http://www.w3.org/2000/svg" viewBox="0 0 19 17.08" width="37" height="34"><path _ngcontent-wkf-c235="" d="M14.25,17.08a1.88,1.88,0,1,1,1.88-1.88A1.88,1.88,0,0,1,14.25,17.08Zm0-3.05a1.18,1.18,0,1,0,1.18,1.18A1.18,1.18,0,0,0,14.25,14Z"></path><path _ngcontent-wkf-c235="" d="M6.65,17.08A1.88,1.88,0,1,1,8.53,15.2,1.88,1.88,0,0,1,6.65,17.08Zm0-3.05A1.18,1.18,0,1,0,7.83,15.2,1.18,1.18,0,0,0,6.65,14Z"></path><path _ngcontent-wkf-c235="" d="M16.7,8.49,5.15,10,3.72,3H18Zm2.22-6a.41.41,0,0,0-.32-.15h-15l-.4-2c0-.15-.24-.31-.4-.31H.4A.37.37,0,0,0,0,.39.37.37,0,0,0,.4.77H2.45l1.9,9.42A2.77,2.77,0,0,0,7,12.35h9.1a.39.39,0,1,0,0-.77h-9a1.84,1.84,0,0,1-1.58-.85L17.1,9.19a.34.34,0,0,0,.32-.31L19,2.7A.37.37,0,0,0,18.92,2.47Z"></path></svg></button></div></eg-gabarit-price><!----></footer></div></div><!----></div><!----><!----><!----><!----><!----><!----></eg-gabarit-basic><!----><!----><!----></ngx-masonry><!----></div><!----></div><!----><!----><!----><!----><!----><!----><!----><!----><!----><!----><!----><!----><eg-button-page-up _ngcontent-wkf-c237="" _nghost-wkf-c232=""><div _ngcontent-wkf-c232="" id="bpGoTopPage" class="btn btn-primary"><img _ngcontent-wkf-c232="" alt="Allez en haut de la page" src="./assets/images/back-to-top-icon.png"></div></eg-button-page-up><eg-modal-unavailable-catalog _ngcontent-wkf-c237="" _nghost-wkf-c233=""></eg-modal-unavailable-catalog></eg-catalogues><!----></main></div><div _ngcontent-wkf-c229="" class="footer-container"><eg-footer-center _ngcontent-wkf-c229="" _nghost-wkf-c192=""><section _ngcontent-wkf-c192="" class="section__icons"><div _ngcontent-wkf-c192="" class="container"><div _ngcontent-wkf-c192="" class="row no-gutters"><div _ngcontent-wkf-c192="" class="col-6 col-lg-3 cardIcon-col"><div _ngcontent-wkf-c192="" class="card cardIcon"><div _ngcontent-wkf-c192="" class="card-header"><svg-icon _ngcontent-wkf-c192="" src="assets/svg/references.svg"><svg xmlns="http://www.w3.org/2000/svg" viewBox="0 0 53.62 46.64" _ngcontent-wkf-c192="" aria-hidden="true" style="height: 46.64px; width: 53.62px;">
    <title _ngcontent-wkf-c192="">references</title>
    <path d="M26.77,0a.89.89,0,0,0-.43.13L.42,16.27a.9.9,0,0,0,.47,1.66H3.56V45.74a.9.9,0,0,0,.89.9H9.82a.9.9,0,0,0,.89-.9V21.52H42.9V45.74a.9.9,0,0,0,.89.9h5.36a.9.9,0,0,0,.89-.9V17.93h2.67a.9.9,0,0,0,.47-1.66L27.28.13A.89.89,0,0,0,26.77,0Zm0,2L49.59,16.14h-.43a.9.9,0,0,0-.89.9V44.85H44.69V20.62a.9.9,0,0,0-.89-.9h-34a.9.9,0,0,0-.89.9V44.85H5.35V17a.9.9,0,0,0-.89-.9H4ZM21.35,9a.9.9,0,0,0,.09,1.79H32.17a.9.9,0,1,0,0-1.79H21.35Zm-3.58,3.59a.9.9,0,0,0,.09,1.79H35.75a.9.9,0,1,0,0-1.79h-18ZM27.69,25.1H24.13a.9.9,0,0,0-.89.9V33.3l-4-1.72a.94.94,0,0,0-.94,0l-5.1,2.2a.89.89,0,0,0-.39.2l0,0,0,0h0a.9.9,0,0,0-.24.88v6.64a.9.9,0,0,0,0,.23v.12l0,.07h0l0,.07,0,0a.89.89,0,0,0,.52.41l5.18,2.24h0l.13.06a.89.89,0,0,0,.38,0H19l.06,0,.1,0,4-1.75v1a.9.9,0,0,0,.89.9H34.86a.9.9,0,0,0,.89-.9V26a.9.9,0,0,0-.89-.9H27.69ZM25,26.91h1.79v2.52a.9.9,0,0,0,1,1h0l.15-.05h0l.05,0h0l1.32-.67,1.39.7a.89.89,0,0,0,.51.09l.09,0h.09l.16-.07h0l.07,0h0l.07-.06.06-.06a.9.9,0,0,0,.24-.63V26.91H34v7.18H31.49l-.22,0-.2,0H27.91l-.22,0-.2,0H25Zm3.58,0h1.79v1.24l-.51-.25a.89.89,0,0,0-.8,0l-.48.24Zm-9.84,6.42,3.1,1.34L18.76,36l-1.26-.55-1.84-.8ZM25,35.88h1.79V38.4a.9.9,0,0,0,.8,1.06h.09a.89.89,0,0,0,.47-.14l1.3-.65,1.39.69.17.06.08,0h.19a.9.9,0,0,0,.87-.91V35.88H34v7.18H25V41.69a.9.9,0,0,0,0-.09Zm3.58,0h1.79v1.25l-.51-.26a.92.92,0,0,0-.8,0l-.48.24ZM14.3,36l.54.23,2,.84,1.08.47v5L14.3,41Zm8.93,0v5l-3.57,1.55v-5Z" fill="#c30d25" _ngcontent-wkf-c192=""></path>
 </svg></svg-icon></div><div _ngcontent-wkf-c192="" class="card-body"><strong _ngcontent-wkf-c192="">12000 références</strong></div></div></div><div _ngcontent-wkf-c192="" class="col-6 col-lg-3 cardIcon-col"><div _ngcontent-wkf-c192="" class="card cardIcon"><div _ngcontent-wkf-c192="" class="card-header"><svg-icon _ngcontent-wkf-c192="" src="assets/svg/24-24.svg"><svg xmlns="http://www.w3.org/2000/svg" viewBox="0 0 72.97 35.97" _ngcontent-wkf-c192="" aria-hidden="true" style="height: 35.97px; width: 72.97px;"><title _ngcontent-wkf-c192="">
    24-24</title>
    <path d="M26.45,15.49A11,11,0,0,0,25,16.82a4.27,4.27,0,0,0-.76,1.26,2.33,2.33,0,0,0-.15.91v.49h6.52v-2H27.15l.85-.73a16.73,16.73,0,0,0,1.64-1.52,4.35,4.35,0,0,0,.77-1.16,3,3,0,0,0,.25-1.18,2.69,2.69,0,0,0-.86-2,3.15,3.15,0,0,0-2.25-.81,3.28,3.28,0,0,0-2.23.74,3.09,3.09,0,0,0-1,2.13l0,.49,2.1.22V13.1a1.2,1.2,0,0,1,.3-.88,1.28,1.28,0,0,1,1.63,0,.88.88,0,0,1,.28.67,1.66,1.66,0,0,1-.38.94A11.08,11.08,0,0,1,26.45,15.49Zm-.82,2.23-.37.61a3.37,3.37,0,0,1,.52-.83Zm-.2-5.18h0a2.06,2.06,0,0,1,.29-.66A2.11,2.11,0,0,0,25.43,12.54ZM29,14.4a2.62,2.62,0,0,0,.58-1.53,1.86,1.86,0,0,0-.39-1.17,1.69,1.69,0,0,1,.44,1.19,2,2,0,0,1-.17.79,3.38,3.38,0,0,1-.6.89l0,0Z" fill="#c30d25" _ngcontent-wkf-c192=""></path>
    <path d="M34.49,10.1l-4.06,5.77v1.6h3.63v2h2v-2h1.13V15.52H36.09V10.1Zm-.43,5.43H32.89l1.17-1.68Zm1,2.95V11.1l0,7.37Z" fill="#c30d25" _ngcontent-wkf-c192=""></path>
    <path d="M37.56,10.1v9.37h2V15.65a2.44,2.44,0,0,1,.13-.92.84.84,0,0,1,.37-.41,1,1,0,0,1,1.19,0,1.17,1.17,0,0,1,.2.78v4.34h2V15.13a3.81,3.81,0,0,0-.26-1.57,2.06,2.06,0,0,0-.93-1,3.12,3.12,0,0,0-2.72,0V10.1Zm1,5.56v2.82h0V11.1l0,3.85.06-.07A4.58,4.58,0,0,0,38.58,15.65Zm3.25-2.18a1.06,1.06,0,0,1,.49.5h0a2.85,2.85,0,0,1,.17,1.15v3.34h0V15.13A2.06,2.06,0,0,0,42,13.66a1.55,1.55,0,0,0-.33-.26Z" fill="#c30d25" _ngcontent-wkf-c192=""></path>
    <path d="M14.43,19.88H1a1,1,0,0,0,0,2H14.43a1,1,0,0,0,0-2Z" fill="#c30d25" _ngcontent-wkf-c192=""></path>
    <path d="M5.89,17h8.54a1,1,0,0,0,0-2H5.89a1,1,0,0,0,0,2Z" fill="#c30d25" _ngcontent-wkf-c192=""></path>
    <path d="M10.77,12.1h3.66a1,1,0,0,0,0-2H10.77a1,1,0,0,0,0,2Z" fill="#c30d25" _ngcontent-wkf-c192=""></path>
    <path d="M70.76,14.57l-3.94-.43-3.9-7.61A1,1,0,0,0,62,6H52.17a.7.7,0,0,1-.7-.7V1a1,1,0,0,0-1-1H19.7a1,1,0,0,0-1,1V26.67a1,1,0,0,0,1,1h4.14a1,1,0,0,0,0-2H21.41a.7.7,0,0,1-.7-.7V2.72a.7.7,0,0,1,.7-.7H48.75a.7.7,0,0,1,.7.7V25a.7.7,0,0,1-.7.7H38.38a1,1,0,0,0,0,2H50.46a1,1,0,0,0,.92-.63,1,1,0,0,0,.33-.73V8.7a.7.7,0,0,1,.7-.7H61a.7.7,0,0,1,.62.38l3.67,7.16a1,1,0,0,0,.79.54l4.48.49A.46.46,0,0,1,71,17L69.11,30.57A1,1,0,0,0,70,31.71h.14a1,1,0,0,0,1-.87L73,17.21A2.49,2.49,0,0,0,70.76,14.57Z" fill="#c30d25" _ngcontent-wkf-c192=""></path>
    <path d="M62.18,16.1a1,1,0,0,0,0-1l-2.17-4.39a1,1,0,0,0-.9-.56H55.29a1,1,0,0,0-1,1v4.39a1,1,0,0,0,1,1h6A1,1,0,0,0,62.18,16.1Zm-2.48-1.54h-3.4V12.19h2.23Z" fill="#c30d25" _ngcontent-wkf-c192=""></path>
    <path d="M53.49,29.69H40.06a1,1,0,0,0,0,2H53.49a1,1,0,0,0,0-2Z" fill="#c30d25" _ngcontent-wkf-c192=""></path>
    <path d="M61.79,24.16a5.9,5.9,0,1,0,5.88,5.9A5.9,5.9,0,0,0,61.79,24.16Zm3.86,5.9a3.86,3.86,0,1,1-3.86-3.88A3.87,3.87,0,0,1,65.65,30.07Z" fill="#c30d25" _ngcontent-wkf-c192=""></path>
    <path d="M31.36,24.16a5.9,5.9,0,1,0,5.88,5.9A5.9,5.9,0,0,0,31.36,24.16Zm3.86,5.9a3.86,3.86,0,1,1-3.86-3.88A3.87,3.87,0,0,1,35.21,30.07Z" fill="#c30d25" _ngcontent-wkf-c192=""></path>
</svg></svg-icon></div><div _ngcontent-wkf-c192="" class="card-body"><strong _ngcontent-wkf-c192="">Commandes 24h/24</strong></div></div></div><div _ngcontent-wkf-c192="" class="col-6 col-lg-3 cardIcon-col"><div _ngcontent-wkf-c192="" class="card cardIcon"><div _ngcontent-wkf-c192="" class="card-header"><svg-icon _ngcontent-wkf-c192="" src="assets/svg/promo.svg"><svg xmlns="http://www.w3.org/2000/svg" viewBox="0 0 21 19.95" _ngcontent-wkf-c192="" aria-hidden="true" style="height: 19.95px; width: 21px;">
    <title _ngcontent-wkf-c192="">promo</title>
    <path d="M21,10a2.26,2.26,0,0,0-.69-1.38,2.17,2.17,0,0,1-.46-.69A2.18,2.18,0,0,1,20,7a2.19,2.19,0,0,0,0-1.5,2.33,2.33,0,0,0-1.23-.94A2.28,2.28,0,0,1,18,4.17a2.17,2.17,0,0,1-.28-.8A2.24,2.24,0,0,0,17,2a2.38,2.38,0,0,0-1.51-.33,2.35,2.35,0,0,1-.87-.09,2.23,2.23,0,0,1-.6-.6,2.33,2.33,0,0,0-1.22-1,2.36,2.36,0,0,0-1.49.34,2.36,2.36,0,0,1-.84.29A2.36,2.36,0,0,1,9.66.37,2.36,2.36,0,0,0,8.16,0,2.33,2.33,0,0,0,6.94,1a2.23,2.23,0,0,1-.6.6,2.35,2.35,0,0,1-.87.09A2.38,2.38,0,0,0,4,2a2.24,2.24,0,0,0-.67,1.37,2.17,2.17,0,0,1-.28.8,2.28,2.28,0,0,1-.74.44A2.33,2.33,0,0,0,1,5.55,2.19,2.19,0,0,0,1,7a2.18,2.18,0,0,1,.1.85,2.17,2.17,0,0,1-.46.69A2.26,2.26,0,0,0,0,10a2.26,2.26,0,0,0,.69,1.38,2.17,2.17,0,0,1,.46.69,2.18,2.18,0,0,1-.1.85,2.19,2.19,0,0,0,0,1.5,2.33,2.33,0,0,0,1.23.94,2.28,2.28,0,0,1,.74.44,2.17,2.17,0,0,1,.28.8A2.24,2.24,0,0,0,4,17.95a2.38,2.38,0,0,0,1.51.33,2.36,2.36,0,0,1,.87.09,2.23,2.23,0,0,1,.6.6,2.33,2.33,0,0,0,1.22,1,2.36,2.36,0,0,0,1.49-.34,2.36,2.36,0,0,1,.84-.29,2.36,2.36,0,0,1,.84.29,2.92,2.92,0,0,0,1.21.37,1.3,1.3,0,0,0,.28,0,2.33,2.33,0,0,0,1.22-1,2.23,2.23,0,0,1,.6-.6,2.36,2.36,0,0,1,.87-.09A2.38,2.38,0,0,0,17,17.95a2.24,2.24,0,0,0,.67-1.37,2.17,2.17,0,0,1,.28-.8,2.28,2.28,0,0,1,.74-.44A2.33,2.33,0,0,0,20,14.4a2.19,2.19,0,0,0,0-1.5,2.18,2.18,0,0,1-.1-.85,2.17,2.17,0,0,1,.46-.69A2.26,2.26,0,0,0,21,10Zm-1.4.82A2.71,2.71,0,0,0,19,11.85a2.72,2.72,0,0,0,.11,1.25,1.66,1.66,0,0,1,.08.91c-.1.2-.45.36-.8.52a2.85,2.85,0,0,0-1.06.69,2.72,2.72,0,0,0-.46,1.16,1.68,1.68,0,0,1-.34.86,1.81,1.81,0,0,1-.94.13,2.94,2.94,0,0,0-1.28.18,2.79,2.79,0,0,0-.92.85c-.23.29-.48.59-.71.64a1.79,1.79,0,0,1-.89-.27,3,3,0,0,0-1.25-.38,3,3,0,0,0-1.25.38,1.79,1.79,0,0,1-.89.27c-.23-.05-.47-.35-.71-.64a2.79,2.79,0,0,0-.92-.85,2.63,2.63,0,0,0-1.13-.18H5.46a1.81,1.81,0,0,1-.94-.13,1.68,1.68,0,0,1-.34-.86,2.72,2.72,0,0,0-.46-1.16,2.85,2.85,0,0,0-1.06-.69c-.34-.16-.69-.32-.8-.52a1.66,1.66,0,0,1,.08-.91A2.72,2.72,0,0,0,2,11.85,2.7,2.7,0,0,0,1.4,10.8c-.24-.29-.49-.59-.49-.82s.25-.53.49-.82A2.7,2.7,0,0,0,2,8.1a2.72,2.72,0,0,0-.11-1.25,1.66,1.66,0,0,1-.08-.91c.1-.2.45-.36.8-.52a2.85,2.85,0,0,0,1.06-.69,2.72,2.72,0,0,0,.46-1.16,1.68,1.68,0,0,1,.34-.86,1.8,1.8,0,0,1,.94-.13,2.94,2.94,0,0,0,1.28-.18,2.79,2.79,0,0,0,.92-.85c.23-.29.48-.59.71-.64a1.79,1.79,0,0,1,.89.27,3,3,0,0,0,1.25.38,3,3,0,0,0,1.25-.38,1.79,1.79,0,0,1,.89-.27c.23.05.47.35.71.64a2.79,2.79,0,0,0,.92.85,2.94,2.94,0,0,0,1.28.18,1.81,1.81,0,0,1,.94.13,1.68,1.68,0,0,1,.34.86,2.72,2.72,0,0,0,.46,1.16,2.85,2.85,0,0,0,1.06.69c.34.16.69.32.8.52a1.66,1.66,0,0,1-.08.91A2.72,2.72,0,0,0,19,8.1a2.7,2.7,0,0,0,.64,1.06c.24.29.49.59.49.82S19.84,10.51,19.6,10.8Z" fill="#c30d25" _ngcontent-wkf-c192=""></path>
    <path d="M10.5,2.88A7.21,7.21,0,0,0,3.2,10a7.21,7.21,0,0,0,7.3,7.1A7.21,7.21,0,0,0,17.8,10,7.21,7.21,0,0,0,10.5,2.88Zm0,13.3A6.31,6.31,0,0,1,4.11,10,6.31,6.31,0,0,1,10.5,3.77,6.31,6.31,0,0,1,16.89,10,6.31,6.31,0,0,1,10.5,16.18Z" fill="#c30d25" _ngcontent-wkf-c192=""></path>
    <path d="M12.51,8a.47.47,0,0,0-.65,0L7.28,12.47a.43.43,0,0,0,0,.63.47.47,0,0,0,.65,0l4.58-4.45A.43.43,0,0,0,12.51,8Z" fill="#c30d25" _ngcontent-wkf-c192=""></path>
    <path d="M13.4,7.6a.46.46,0,0,0,.32-.13l0,0a.43.43,0,0,0,0-.63.47.47,0,0,0-.65,0l0,0a.43.43,0,0,0,0,.63A.46.46,0,0,0,13.4,7.6Z" fill="#c30d25" _ngcontent-wkf-c192=""></path>
    <path d="M10,7.81A1.71,1.71,0,1,0,8.27,9.47,1.69,1.69,0,0,0,10,7.81Zm-2.51,0a.8.8,0,1,1,.8.78A.79.79,0,0,1,7.47,7.81Z" fill="#c30d25" _ngcontent-wkf-c192=""></path>
    <path d="M12.73,10.48a1.66,1.66,0,1,0,1.71,1.66A1.69,1.69,0,0,0,12.73,10.48Zm0,2.44a.78.78,0,1,1,.8-.78A.79.79,0,0,1,12.73,12.92Z" fill="#c30d25" _ngcontent-wkf-c192=""></path>
</svg></svg-icon></div><div _ngcontent-wkf-c192="" class="card-body"><strong _ngcontent-wkf-c192="">Promotions exclusives</strong></div></div></div><div _ngcontent-wkf-c192="" class="col-6 col-lg-3 col-xl-2"><div _ngcontent-wkf-c192="" class="card cardIcon"><div _ngcontent-wkf-c192="" class="card-header"><svg-icon _ngcontent-wkf-c192="" src="assets/svg/contact.svg"><svg xmlns="http://www.w3.org/2000/svg" _ngcontent-wkf-c192="" aria-hidden="true" style="height: 39.09px; width: 53.8px;">
    <path d="M51.12,26.43a12.37,12.37,0,0,0,2.68-7.71,13,13,0,0,0-13-13,13.23,13.23,0,0,0-6.42,1.69A19.46,19.46,0,0,0,19.14,0,19,19,0,0,0,0,18.79,18.53,18.53,0,0,0,4,30.37L2.18,37.59A1.2,1.2,0,0,0,3,39a1.21,1.21,0,0,0,.91-.13L10,35.31A19.35,19.35,0,0,0,34.51,30a12.88,12.88,0,0,0,6.29,1.62,12.57,12.57,0,0,0,6-1.49l4.53,2.73a.8.8,0,0,0,1.19-.88ZM35.87,28.09l.15-.24a3.45,3.45,0,0,0,.37-.74,1,1,0,0,1,.09-.18,1.77,1.77,0,0,0,.15-.29,2.58,2.58,0,0,0,.24-.59l0-.13c.06-.17.11-.33.2-.53a1.89,1.89,0,0,1,.11-.29,2.58,2.58,0,0,0,.14-.39,5.68,5.68,0,0,1,.2-.55c0-.12.06-.23.09-.34s.07-.24.09-.34a2.28,2.28,0,0,0,.07-.31,1.2,1.2,0,0,1,.07-.24,3.54,3.54,0,0,0,.14-.86.87.87,0,0,1,0-.18.77.77,0,0,0,0-.24,3.83,3.83,0,0,0,.08-.5c0-.13,0-.28.06-.42l0-.17a1.57,1.57,0,0,0,0-.36c0-.22,0-.45,0-.67s0-.43,0-.62a9.29,9.29,0,0,0-.06-1.35,1.68,1.68,0,0,0,0-.31.91.91,0,0,1,0-.15,4,4,0,0,0-.11-.84l0-.06a1.63,1.63,0,0,0,0-.34,1.77,1.77,0,0,1,0-.28,2.75,2.75,0,0,1-.06-.34,3.45,3.45,0,0,0-.08-.46,1.46,1.46,0,0,1,0-.21,1,1,0,0,0-.07-.28c-.07-.27-.14-.54-.2-.74L37.37,13a3.22,3.22,0,0,0-.27-.74,2.78,2.78,0,0,0-.28-.63A3.49,3.49,0,0,0,36.5,11a2.92,2.92,0,0,0-.2-.4l-.09-.16a2.65,2.65,0,0,1-.28-.55l0-.1-.15-.24-.14-.23a10.95,10.95,0,0,1,16.11,9.6,10.76,10.76,0,0,1-2.51,6.92l-.31.41.89,3.45-2.9-1.89-.54.32a10.82,10.82,0,0,1-10.62.2ZM6.39,29.93l-.33-.43A16.41,16.41,0,0,1,2.16,18.85,16.9,16.9,0,0,1,19.21,2.16,17.26,17.26,0,0,1,33.36,9.47a16.18,16.18,0,0,1,3,9.37,16.54,16.54,0,0,1-3,9.2h0a17.12,17.12,0,0,1-14.21,7.5,17.64,17.64,0,0,1-8.58-2.26L10,33,4.78,36.08Z" fill="#c30d25" _ngcontent-wkf-c192=""></path>
    <circle cx="12.68" cy="19.3" r="1.69" fill="#c30d25" _ngcontent-wkf-c192=""></circle>
    <circle cx="19.14" cy="19.3" r="1.69" fill="#c30d25" _ngcontent-wkf-c192=""></circle>
    <circle cx="25.61" cy="19.3" r="1.69" fill="#c30d25" _ngcontent-wkf-c192=""></circle>
</svg></svg-icon></div><div _ngcontent-wkf-c192="" class="card-body"><strong _ngcontent-wkf-c192="">Contact personnalisé</strong></div></div></div></div></div></section></eg-footer-center><eg-footer-legal-notice _ngcontent-wkf-c229="" _nghost-wkf-c196=""><!----><footer _ngcontent-wkf-c196="" id="footer-legal-notice" class="footer"><div _ngcontent-wkf-c196="" class="container justify-content-between"><div _ngcontent-wkf-c196="" class="row footer__upper col-xl-4 px-xl-0 no-gutters cardIcon-col"><div _ngcontent-wkf-c196="" class="col-lg-7 col-xl-10 footer__newsletter"><div _ngcontent-wkf-c196="" class="input-group"><input _ngcontent-wkf-c196="" type="text" placeholder="Inscription Newsletter" aria-label="Inscription Newsletter" aria-describedby="button-newsletter" class="form-control ng-untouched ng-pristine ng-valid"><div _ngcontent-wkf-c196="" class="input-group-append"><button _ngcontent-wkf-c196="" id="button-newsletter" class="btn btn-default btn-arrow"><div _ngcontent-wkf-c196="" class="content"><span _ngcontent-wkf-c196="" class="icon"><svg-icon _ngcontent-wkf-c196="" src="assets/svg/arrow-right.svg"><svg id="arrow-right" xmlns="http://www.w3.org/2000/svg" viewBox="0 0 14.89 4.77" _ngcontent-wkf-c196="" aria-hidden="true" style="height: 4.77px; width: 14.89px;">
    <title _ngcontent-wkf-c196="">arrow-right</title>
    <path d="M12.19.07a.34.34,0,0,0-.42,0,.21.21,0,0,0,0,.34l2.11,1.73H.29A.27.27,0,0,0,0,2.38a.27.27,0,0,0,.29.24H13.89L11.77,4.36a.22.22,0,0,0,0,.34.34.34,0,0,0,.42,0L14.8,2.56a.21.21,0,0,0,0-.34Z" fill="#fff" _ngcontent-wkf-c196=""></path>
</svg></svg-icon></span><span _ngcontent-wkf-c196="" class="label">OK</span></div></button></div></div></div><div _ngcontent-wkf-c196="" class="col-lg-5 col-xl-10 footer__socials"><a _ngcontent-wkf-c196="" target="_blank" class="facebook"><svg-icon _ngcontent-wkf-c196="" src="assets/svg/facebook.svg"><svg xmlns="http://www.w3.org/2000/svg" viewBox="0 0 14 24" _ngcontent-wkf-c196="" aria-hidden="true" style="height: 24px; width: 14px;">
<title _ngcontent-wkf-c196="">facebook</title>
<path d="M9.33,9H14v4.5H9.33V24H4.67V13.51H0V9H4.67V7.1a9.65,9.65,0,0,1,.47-2.92A5.94,5.94,0,0,1,6.42,1.84,5.67,5.67,0,0,1,10.75,0H14V4.5H10.75a1.43,1.43,0,0,0-1,.38,1.24,1.24,0,0,0-.41,1Z" _ngcontent-wkf-c196=""></path>
</svg></svg-icon><span _ngcontent-wkf-c196="" class="sr-only">facebook</span></a><a _ngcontent-wkf-c196="" target="_blank" class="instagram"><svg-icon _ngcontent-wkf-c196="" src="assets/svg/instagram.svg"><svg xmlns="http://www.w3.org/2000/svg" viewBox="0 0 24 24" _ngcontent-wkf-c196="" aria-hidden="true" style="height: 24px; width: 24px;">
<title _ngcontent-wkf-c196="">instagram</title>
<path d="M15.11,15.11a3.93,3.93,0,0,0,1.19-2.88,4.08,4.08,0,0,0-4.08-4.08,4.08,4.08,0,0,0-4.08,4.08,4.08,4.08,0,0,0,4.08,4.08A3.93,3.93,0,0,0,15.11,15.11Zm1.22-7.44A5.89,5.89,0,0,1,18.11,12,6.09,6.09,0,0,1,12,18.11,6.09,6.09,0,0,1,5.89,12,6.09,6.09,0,0,1,12,5.89,5.89,5.89,0,0,1,16.33,7.67Zm3.2-3.2a1.35,1.35,0,0,1,0,1.92,1.36,1.36,0,0,1-2.32-1,1.36,1.36,0,0,1,2.32-1Zm-6.1-2.65H9.35l-1.52,0A12.52,12.52,0,0,0,6.2,2a6.33,6.33,0,0,0-1.13.29A4.14,4.14,0,0,0,2.77,4.62a6.33,6.33,0,0,0-.29,1.13,12.52,12.52,0,0,0-.16,1.63q0,1,0,1.52t0,1.67q0,1.1,0,1.21t0,1.21q0,1.1,0,1.67t0,1.52a12.52,12.52,0,0,0,.16,1.63,6.33,6.33,0,0,0,.29,1.13,4.14,4.14,0,0,0,2.31,2.31,6.33,6.33,0,0,0,1.13.29,12.52,12.52,0,0,0,1.63.16l1.52,0H15.1l1.52,0a12.52,12.52,0,0,0,1.63-.16,6.33,6.33,0,0,0,1.13-.29,4.14,4.14,0,0,0,2.31-2.31A6.33,6.33,0,0,0,22,17.8a12.52,12.52,0,0,0,.16-1.63q0-1,0-1.52t0-1.67q0-1.1,0-1.21t0-1.21q0-1.1,0-1.67t0-1.52A12.52,12.52,0,0,0,22,5.75a6.33,6.33,0,0,0-.29-1.13,4.14,4.14,0,0,0-2.31-2.31A6.33,6.33,0,0,0,18.25,2a12.52,12.52,0,0,0-1.63-.16l-1.52,0ZM23.92,7Q24,8.42,24,12t-.08,5A7.33,7.33,0,0,1,22,22a7.33,7.33,0,0,1-5,1.94Q15.58,24,12,24t-5-.08A7.33,7.33,0,0,1,2,22,7.33,7.33,0,0,1,.08,17Q0,15.58,0,12T.08,7A7.33,7.33,0,0,1,2,2,7.33,7.33,0,0,1,7,.08Q8.42,0,12,0t5,.08A7.33,7.33,0,0,1,22,2,7.33,7.33,0,0,1,23.92,7Z" _ngcontent-wkf-c196=""></path>
</svg></svg-icon><span _ngcontent-wkf-c196="" class="sr-only">instagram</span></a><a _ngcontent-wkf-c196="" target="_blank" class="twitter"><svg-icon _ngcontent-wkf-c196="" src="assets/svg/twitter.svg"><svg xmlns="http://www.w3.org/2000/svg" viewBox="0 0 29 24" _ngcontent-wkf-c196="" aria-hidden="true" style="height: 24px; width: 29px;">
<title _ngcontent-wkf-c196="">twitter</title>
<path d="M29,2.85A12.59,12.59,0,0,1,26,6q0,.26,0,.79a17.51,17.51,0,0,1-.7,4.87,17.74,17.74,0,0,1-2.13,4.66,18.22,18.22,0,0,1-3.39,3.95A15,15,0,0,1,15.07,23a17.08,17.08,0,0,1-5.94,1A16.28,16.28,0,0,1,0,21.28a12.49,12.49,0,0,0,1.44.08,11.5,11.5,0,0,0,7.38-2.59,5.73,5.73,0,0,1-3.46-1.21,5.92,5.92,0,0,1-2.1-3,7.39,7.39,0,0,0,1.12.09,6,6,0,0,0,1.56-.21,5.83,5.83,0,0,1-3.41-2.09A5.92,5.92,0,0,1,1.18,8.51V8.44a5.81,5.81,0,0,0,2.69.77,6.09,6.09,0,0,1-2.65-5A6,6,0,0,1,2,1.11,16.91,16.91,0,0,0,7.44,5.58a16.32,16.32,0,0,0,6.84,1.87,6.85,6.85,0,0,1-.15-1.39,5.89,5.89,0,0,1,1.74-4.28,5.88,5.88,0,0,1,8.55.14A11.52,11.52,0,0,0,28.19.45a5.86,5.86,0,0,1-2.61,3.34A11.67,11.67,0,0,0,29,2.85Z" _ngcontent-wkf-c196=""></path>
</svg></svg-icon><span _ngcontent-wkf-c196="" class="sr-only">twitter</span></a><a _ngcontent-wkf-c196="" target="_blank" class="linkedin"><svg-icon _ngcontent-wkf-c196="" src="assets/svg/linkedin.svg"><svg xmlns="http://www.w3.org/2000/svg" viewBox="0 0 24 24" _ngcontent-wkf-c196="" aria-hidden="true" style="height: 24px; width: 24px;">
<title _ngcontent-wkf-c196="">linkedin</title>
<path d="M0,24H5.33V8.15H0ZM22.43,9.54A5.47,5.47,0,0,0,18.18,7.7a7.09,7.09,0,0,0-1.8.24A3.54,3.54,0,0,0,15,8.62a8.6,8.6,0,0,0-.88.87,5.74,5.74,0,0,0-.6.82V8.09H8.49V13.6q0,6.14,0,10.4h5.12V15.1a3.52,3.52,0,0,1,.18-1.31,2.7,2.7,0,0,1,1-1.35,2.44,2.44,0,0,1,1.62-.58,2.22,2.22,0,0,1,2,1,4.88,4.88,0,0,1,.6,2.66V24H24V14.86Q24,11.23,22.43,9.54ZM2.62,5.43a2.89,2.89,0,0,0,2-.78,2.65,2.65,0,0,0,.71-1.94A2.87,2.87,0,0,0,4.62.78,2.77,2.77,0,0,0,2.71,0a2.89,2.89,0,0,0-2,.78A2.65,2.65,0,0,0,0,2.72,2.65,2.65,0,0,0,.71,4.66,2.77,2.77,0,0,0,2.62,5.43Z" _ngcontent-wkf-c196=""></path>
</svg></svg-icon><span _ngcontent-wkf-c196="" class="sr-only">linkedin</span></a><a _ngcontent-wkf-c196="" target="_blank" class="youtube"><svg-icon _ngcontent-wkf-c196="" src="assets/svg/youtube.svg"><svg xmlns="http://www.w3.org/2000/svg" viewBox="0 0 33 22" _ngcontent-wkf-c196="" aria-hidden="true" style="height: 22px; width: 33px;">
<title _ngcontent-wkf-c196="">youtube</title>
<path d="M13,15.4,21.85,11,13,6.6ZM16.5,0q3.09,0,6,.08T26.7.24L28,.31l.31,0,.42.05.43.08a2.67,2.67,0,0,1,.52.14l.52.23a3.57,3.57,0,0,1,.57.34,4.29,4.29,0,0,1,.53.46,3.39,3.39,0,0,1,.29.32,5.75,5.75,0,0,1,.53,1,6.38,6.38,0,0,1,.49,1.76q.15,1.12.23,2.38t.1,2v3.07a35.08,35.08,0,0,1-.33,5.06A6.68,6.68,0,0,1,32.21,19a4.37,4.37,0,0,1-.59,1.07l-.26.3a4.29,4.29,0,0,1-.53.46,3.14,3.14,0,0,1-.57.33l-.52.22a2.67,2.67,0,0,1-.52.14l-.44.08-.42.05-.3,0Q23.42,22,16.5,22q-3.81,0-6.62-.11t-3.69-.13l-.9-.07-.66-.07a9.17,9.17,0,0,1-1-.17,5.84,5.84,0,0,1-.94-.37,3.68,3.68,0,0,1-1-.72A3.39,3.39,0,0,1,1.35,20a5.75,5.75,0,0,1-.53-1,6.38,6.38,0,0,1-.49-1.76Q.19,16.13.1,14.87t-.1-2V9.81A35.08,35.08,0,0,1,.33,4.75,6.68,6.68,0,0,1,.79,3a4.37,4.37,0,0,1,.59-1.07l.26-.3a4.29,4.29,0,0,1,.53-.46A3.57,3.57,0,0,1,2.74.84L3.26.61A2.67,2.67,0,0,1,3.79.47L4.22.39,4.64.34,5,.31Q9.58,0,16.5,0Z" _ngcontent-wkf-c196=""></path>
</svg></svg-icon><span _ngcontent-wkf-c196="" class="sr-only">youtube</span></a></div></div><div _ngcontent-wkf-c196="" class="row justify-content-xl-center col-xl-6 px-xl-0 no-gutters footer__center"><div _ngcontent-wkf-c196="" class="footer__menu col-6 col-md-3 col-xl-4"><div _ngcontent-wkf-c196="" class="footer__menu__title">à propos</div><ul _ngcontent-wkf-c196=""><li _ngcontent-wkf-c196=""><a _ngcontent-wkf-c196="" href="#">Plan du site</a></li><li _ngcontent-wkf-c196=""><a _ngcontent-wkf-c196="" href="#">Nos établissements</a></li><li _ngcontent-wkf-c196=""><a _ngcontent-wkf-c196="" href="#">Nos services</a></li></ul></div><div _ngcontent-wkf-c196="" class="footer__menu col-6 col-md-3 col-xl-4"><div _ngcontent-wkf-c196="" class="footer__menu__title">Aide et mentions</div><ul _ngcontent-wkf-c196=""><li _ngcontent-wkf-c196=""><a _ngcontent-wkf-c196="">Contacts</a></li><li _ngcontent-wkf-c196=""><a _ngcontent-wkf-c196="">Mentions légales</a></li><li _ngcontent-wkf-c196=""><a _ngcontent-wkf-c196="">CGV</a></li><li _ngcontent-wkf-c196=""><a _ngcontent-wkf-c196="">Gestion&nbsp;des&nbsp;cookies</a></li></ul></div><div _ngcontent-wkf-c196="" class="footer__menu col-6 col-md-3 col-xl-4"><div _ngcontent-wkf-c196="" class="footer__menu__title">Nos Sites</div><ul _ngcontent-wkf-c196=""><li _ngcontent-wkf-c196=""><a _ngcontent-wkf-c196="">Transgourmet</a></li><li _ngcontent-wkf-c196=""><a _ngcontent-wkf-c196="">Transgourmet Solutions</a></li><li _ngcontent-wkf-c196=""><a _ngcontent-wkf-c196="">Transgourmet Origine</a></li><li _ngcontent-wkf-c196=""><a _ngcontent-wkf-c196="">Carrières</a></li></ul></div><div _ngcontent-wkf-c196="" class="footer__menu col-6 col-md-3 d-xl-none"><div _ngcontent-wkf-c196="" class="footer__menu__title">Télécharger l’application</div><ul _ngcontent-wkf-c196=""><li _ngcontent-wkf-c196=""><a _ngcontent-wkf-c196="" target="_blank"><img _ngcontent-wkf-c196="" src="assets/images/playstore.10667a3c.svg" alt="Télécharger sur le playstore"><span _ngcontent-wkf-c196="" aria-hidden="true" class="sr-only">Télécharger sur le playstore</span></a></li><li _ngcontent-wkf-c196=""><a _ngcontent-wkf-c196="" target="_blank"><img _ngcontent-wkf-c196="" src="assets/svg/appstore.cf50ccce.svg" alt="Télécharger sur l'appstore"><span _ngcontent-wkf-c196="" aria-hidden="true" class="sr-only">Télécharger sur l'appstore</span></a></li></ul></div></div><div _ngcontent-wkf-c196="" class="row justify-content-between col-xl-2 px-xl-0 no-gutters d-none d-xl-flex"><div _ngcontent-wkf-c196="" class="footer__menu"><div _ngcontent-wkf-c196="" class="footer__menu__title">Télécharger l’application</div><ul _ngcontent-wkf-c196=""><li _ngcontent-wkf-c196=""><a _ngcontent-wkf-c196="" target="_blank"><img _ngcontent-wkf-c196="" src="assets/svg/playstore.10667a3c.svg" alt="Télécharger sur le playstore"><span _ngcontent-wkf-c196="" aria-hidden="true" class="sr-only">Télécharger sur le playstore</span></a></li><li _ngcontent-wkf-c196=""><a _ngcontent-wkf-c196="" target="_blank"><img _ngcontent-wkf-c196="" src="assets/svg/appstore.cf50ccce.svg" alt="Télécharger sur l'appstore"><span _ngcontent-wkf-c196="" aria-hidden="true" class="sr-only">Télécharger sur l'appstore</span></a></li></ul></div></div></div></footer><section _ngcontent-wkf-c196="" class="bottomBar"><div _ngcontent-wkf-c196="" class="container"> © Copyright Transgourmet 2022 </div></section><eg-footer-alcool-notice _ngcontent-wkf-c196="" _nghost-wkf-c193=""><div _ngcontent-wkf-c193="" id="legalAlcohol" style="display: block;"><img _ngcontent-wkf-c193="" src="https://cstatic.transgourmet.fr/tg-ecommerce/images/alcool-age-legal.png" alt="Interdiction de vente de boissons alcooliques aux mineurs de -18 ans"></div></eg-footer-alcool-notice><eg-modal-cgv _ngcontent-wkf-c196="" _nghost-wkf-c194=""></eg-modal-cgv><eg-modal-alert-msg _ngcontent-wkf-c196="" _nghost-wkf-c195=""></eg-modal-alert-msg></eg-footer-legal-notice></div></div></eg-base><!----></eg-root>
  <noscript>Please enable JavaScript to continue using this application.</noscript>
<script src="runtime.91a9bb7b5cb79be61764.js" defer=""></script><script src="polyfills-es5.a09c88b662bbe75870e1.js" nomodule="" defer=""></script><script src="polyfills.77e6d00732f72f474430.js" defer=""></script><script src="main.c2cd02b739a0ee23d910.js" defer=""></script>

<script type="text/javascript">var dataLayer = dataLayer || [];</script><script type="text/javascript" src="assets/tarteaucitron/tarteaucitron.js?v=0.7409260139089013"></script><eg-modal _ngcontent-wkf-c19="" id="modalVersionForm"><div class="tr-modal tr-show"><div class="tr-modal-body"><button _ngcontent-wkf-c19="" type="button" aria-label="Close" class="close"><svg-icon _ngcontent-wkf-c19="" src="assets/svg/close-popup.svg"><svg xmlns="http://www.w3.org/2000/svg" viewBox="0 0 20 20" _ngcontent-wkf-c19="" aria-hidden="true" style="height: 15px; width: 24px;">
                     <path d="M12,10l7.56-7.57a1.38,1.38,0,0,0,0-2,1.45,1.45,0,0,0-2,0L10,8,2.44.4a1.43,1.43,0,0,0-1-.4,1.43,1.43,0,0,0-1,.4,1.38,1.38,0,0,0,0,2L8,10,.43,17.55a1.38,1.38,0,0,0,0,2,1.62,1.62,0,0,0,.45.34,1.32,1.32,0,0,0,.55.1A1.32,1.32,0,0,0,2,19.9a1.62,1.62,0,0,0,.45-.34L10,12l7.56,7.57a1.38,1.38,0,0,0,.52.34,1.22,1.22,0,0,0,1,0,1.4,1.4,0,0,0,.52-2.35Z" fill="#c30d25" _ngcontent-wkf-c19=""></path>
                    </svg></svg-icon></button><div _ngcontent-wkf-c19="" id="modalConfirm" class="fade modal-confirm show"><div _ngcontent-wkf-c19="" class="modal-dialog"><div _ngcontent-wkf-c19="" class="modal-header"></div><div _ngcontent-wkf-c19="" class="modal-body"> Vous utilisez la version    de internet explorer. Ce navigateur ne permet pas une navigation optimale sur notre site internet et peut même dans certains cas empêcher le passage de votre commande. Nous vous conseillons de telecharger la derniere version de google chrome. <div _ngcontent-wkf-c19=""><a _ngcontent-wkf-c19="" href="https://www.google.com/intl/fr_fr/chrome/">Télécharger google chrome</a></div><svg-icon _ngcontent-wkf-c19="" src="assets/svg/chrome-logo.svg"><svg xmlns="http://www.w3.org/2000/svg" xmlns:xlink="http://www.w3.org/1999/xlink" width="48" height="48" viewBox="0 0 192 192" _ngcontent-wkf-c19="" aria-hidden="true" style="height: 82px; width: 82px;"><defs _ngcontent-wkf-c19=""><circle id="a" cx="96" cy="96" r="88" _ngcontent-wkf-c19=""></circle></defs><clipPath id="b" _ngcontent-wkf-c19=""><use xlink:href="#a" overflow="visible" _ngcontent-wkf-c19=""></use></clipPath><g clip-path="url(#b)" _ngcontent-wkf-c19=""><path fill="#DB4437" d="M21.97 8v108h39.39L96 56h88V8z" _ngcontent-wkf-c19=""></path><linearGradient id="c" gradientUnits="userSpaceOnUse" x1="29.337" y1="75.021" x2="81.837" y2="44.354" _ngcontent-wkf-c19=""><stop offset="0" stop-color="#a52714" stop-opacity=".6" _ngcontent-wkf-c19=""></stop><stop offset=".66" stop-color="#a52714" stop-opacity="0" _ngcontent-wkf-c19=""></stop></linearGradient><path fill="url(#c)" d="M21.97 8v108h39.39L96 56h88V8z" _ngcontent-wkf-c19=""></path></g><path clip-path="url(#b)" fill="#3E2723" fill-opacity=".15" d="M62.31 115.65L22.48 47.34l-.58 1 39.54 67.8z" _ngcontent-wkf-c19=""></path><g clip-path="url(#b)" _ngcontent-wkf-c19=""><path fill="#0F9D58" d="M8 184h83.77l38.88-38.88V116H61.36L8 24.48z" _ngcontent-wkf-c19=""></path><linearGradient id="d" gradientUnits="userSpaceOnUse" x1="110.872" y1="164.495" x2="52.538" y2="130.329" _ngcontent-wkf-c19=""><stop offset="0" stop-color="#055524" stop-opacity=".4" _ngcontent-wkf-c19=""></stop><stop offset=".33" stop-color="#055524" stop-opacity="0" _ngcontent-wkf-c19=""></stop></linearGradient><path fill="url(#d)" d="M8 184h83.77l38.88-38.88V116H61.36L8 24.48z" _ngcontent-wkf-c19=""></path></g><path clip-path="url(#b)" fill="#263238" fill-opacity=".15" d="M129.84 117.33l-.83-.48L90.62 184h1.15l38.1-66.64z" _ngcontent-wkf-c19=""></path><g clip-path="url(#b)" _ngcontent-wkf-c19=""><defs _ngcontent-wkf-c19=""><path id="e" d="M8 184h83.77l38.88-38.88V116H61.36L8 24.48z" _ngcontent-wkf-c19=""></path></defs><clipPath id="f" _ngcontent-wkf-c19=""><use xlink:href="#e" overflow="visible" _ngcontent-wkf-c19=""></use></clipPath><g clip-path="url(#f)" _ngcontent-wkf-c19=""><path fill="#FFCD40" d="M96 56l34.65 60-38.88 68H184V56z" _ngcontent-wkf-c19=""></path><linearGradient id="g" gradientUnits="userSpaceOnUse" x1="121.858" y1="49.804" x2="136.547" y2="114.13" _ngcontent-wkf-c19=""><stop offset="0" stop-color="#ea6100" stop-opacity=".3" _ngcontent-wkf-c19=""></stop><stop offset=".66" stop-color="#ea6100" stop-opacity="0" _ngcontent-wkf-c19=""></stop></linearGradient><path fill="url(#g)" d="M96 56l34.65 60-38.88 68H184V56z" _ngcontent-wkf-c19=""></path></g></g><g clip-path="url(#b)" _ngcontent-wkf-c19=""><path fill="#FFCD40" d="M96 56l34.65 60-38.88 68H184V56z" _ngcontent-wkf-c19=""></path><linearGradient id="h" gradientUnits="userSpaceOnUse" x1="121.858" y1="49.804" x2="136.547" y2="114.13" _ngcontent-wkf-c19=""><stop offset="0" stop-color="#ea6100" stop-opacity=".3" _ngcontent-wkf-c19=""></stop><stop offset=".66" stop-color="#ea6100" stop-opacity="0" _ngcontent-wkf-c19=""></stop></linearGradient><path fill="url(#h)" d="M96 56l34.65 60-38.88 68H184V56z" _ngcontent-wkf-c19=""></path></g><g clip-path="url(#b)" _ngcontent-wkf-c19=""><defs _ngcontent-wkf-c19=""><path id="i" d="M96 56l34.65 60-38.88 68H184V56z" _ngcontent-wkf-c19=""></path></defs><clipPath id="j" _ngcontent-wkf-c19=""><use xlink:href="#i" overflow="visible" _ngcontent-wkf-c19=""></use></clipPath><g clip-path="url(#j)" _ngcontent-wkf-c19=""><path fill="#DB4437" d="M21.97 8v108h39.39L96 56h88V8z" _ngcontent-wkf-c19=""></path><linearGradient id="k" gradientUnits="userSpaceOnUse" x1="29.337" y1="75.021" x2="81.837" y2="44.354" _ngcontent-wkf-c19=""><stop offset="0" stop-color="#a52714" stop-opacity=".6" _ngcontent-wkf-c19=""></stop><stop offset=".66" stop-color="#a52714" stop-opacity="0" _ngcontent-wkf-c19=""></stop></linearGradient><path fill="url(#k)" d="M21.97 8v108h39.39L96 56h88V8z" _ngcontent-wkf-c19=""></path></g></g><radialGradient id="l" cx="668.176" cy="55.948" r="84.078" gradientTransform="translate(-576)" gradientUnits="userSpaceOnUse" _ngcontent-wkf-c19=""><stop offset="0" stop-color="#3e2723" stop-opacity=".2" _ngcontent-wkf-c19=""></stop><stop offset="1" stop-color="#3e2723" stop-opacity="0" _ngcontent-wkf-c19=""></stop></radialGradient><path clip-path="url(#b)" fill="url(#l)" d="M96 56v20.95L174.4 56z" _ngcontent-wkf-c19=""></path><g clip-path="url(#b)" _ngcontent-wkf-c19=""><defs _ngcontent-wkf-c19=""><path id="m" d="M21.97 8v40.34L61.36 116 96 56h88V8z" _ngcontent-wkf-c19=""></path></defs><clipPath id="n" _ngcontent-wkf-c19=""><use xlink:href="#m" overflow="visible" _ngcontent-wkf-c19=""></use></clipPath><g clip-path="url(#n)" _ngcontent-wkf-c19=""><path fill="#0F9D58" d="M8 184h83.77l38.88-38.88V116H61.36L8 24.48z" _ngcontent-wkf-c19=""></path><linearGradient id="o" gradientUnits="userSpaceOnUse" x1="110.872" y1="164.495" x2="52.538" y2="130.329" _ngcontent-wkf-c19=""><stop offset="0" stop-color="#055524" stop-opacity=".4" _ngcontent-wkf-c19=""></stop><stop offset=".33" stop-color="#055524" stop-opacity="0" _ngcontent-wkf-c19=""></stop></linearGradient><path fill="url(#o)" d="M8 184h83.77l38.88-38.88V116H61.36L8 24.48z" _ngcontent-wkf-c19=""></path></g></g><radialGradient id="p" cx="597.875" cy="48.52" r="78.044" gradientTransform="translate(-576)" gradientUnits="userSpaceOnUse" _ngcontent-wkf-c19=""><stop offset="0" stop-color="#3e2723" stop-opacity=".2" _ngcontent-wkf-c19=""></stop><stop offset="1" stop-color="#3e2723" stop-opacity="0" _ngcontent-wkf-c19=""></stop></radialGradient><path clip-path="url(#b)" fill="url(#p)" d="M21.97 48.45l57.25 57.24L61.36 116z" _ngcontent-wkf-c19=""></path><radialGradient id="q" cx="671.844" cy="96.138" r="87.87" gradientTransform="translate(-576)" gradientUnits="userSpaceOnUse" _ngcontent-wkf-c19=""><stop offset="0" stop-color="#263238" stop-opacity=".2" _ngcontent-wkf-c19=""></stop><stop offset="1" stop-color="#263238" stop-opacity="0" _ngcontent-wkf-c19=""></stop></radialGradient><path clip-path="url(#b)" fill="url(#q)" d="M91.83 183.89l20.96-78.2L130.65 116z" _ngcontent-wkf-c19=""></path><g clip-path="url(#b)" _ngcontent-wkf-c19=""><circle fill="#F1F1F1" cx="96" cy="96" r="40" _ngcontent-wkf-c19=""></circle><circle fill="#4285F4" cx="96" cy="96" r="32" _ngcontent-wkf-c19=""></circle></g><g clip-path="url(#b)" _ngcontent-wkf-c19=""><path fill="#3E2723" fill-opacity=".2" d="M96 55c-22.09 0-40 17.91-40 40v1c0-22.09 17.91-40 40-40h88v-1H96z" _ngcontent-wkf-c19=""></path><path fill="#FFF" fill-opacity=".1" d="M130.6 116c-6.92 11.94-19.81 20-34.6 20-14.8 0-27.69-8.06-34.61-20h-.04L8 24.48v1L61.36 117h.04c6.92 11.94 19.81 20 34.61 20 14.79 0 27.68-8.05 34.6-20h.05v-1h-.06z" _ngcontent-wkf-c19=""></path><path opacity=".1" fill="#3E2723" d="M97 56c-.17 0-.33.02-.5.03C118.36 56.3 136 74.08 136 96s-17.64 39.7-39.5 39.97c.17 0 .33.03.5.03 22.09 0 40-17.91 40-40s-17.91-40-40-40z" _ngcontent-wkf-c19=""></path><path fill="#FFF" fill-opacity=".2" d="M131 117.33c3.4-5.88 5.37-12.68 5.37-19.96 0-4.22-.66-8.28-1.87-12.09.95 3.42 1.5 7.01 1.5 10.73 0 7.28-1.97 14.08-5.37 19.96l.02.04-38.88 68h1.16l38.09-66.64-.02-.04z" _ngcontent-wkf-c19=""></path></g><g clip-path="url(#b)" _ngcontent-wkf-c19=""><path fill="#FFF" fill-opacity=".2" d="M96 9c48.43 0 87.72 39.13 87.99 87.5 0-.17.01-.33.01-.5 0-48.6-39.4-88-88-88S8 47.4 8 96c0 .17.01.33.01.5C8.28 48.13 47.57 9 96 9z" _ngcontent-wkf-c19=""></path><path fill="#3E2723" fill-opacity=".15" d="M96 183c48.43 0 87.72-39.13 87.99-87.5 0 .17.01.33.01.5 0 48.6-39.4 88-88 88S8 144.6 8 96c0-.17.01-.33.01-.5C8.28 143.87 47.57 183 96 183z" _ngcontent-wkf-c19=""></path></g><radialGradient id="r" cx="34.286" cy="32.014" r="176.746" gradientUnits="userSpaceOnUse" _ngcontent-wkf-c19=""><stop offset="0" stop-color="#fff" stop-opacity=".1" _ngcontent-wkf-c19=""></stop><stop offset="1" stop-color="#fff" stop-opacity="0" _ngcontent-wkf-c19=""></stop></radialGradient><circle fill="url(#r)" cx="96" cy="96" r="88" _ngcontent-wkf-c19=""></circle><path fill="none" d="M0 0h192v192H0z" _ngcontent-wkf-c19=""></path></svg></svg-icon></div><div _ngcontent-wkf-c19="" class="modal-footer"><div _ngcontent-wkf-c19="" class="row justify-content-center w-100"><button _ngcontent-wkf-c19="" type="button" aria-label="Close" class="col-7 col-md-5 btn btn-primary">Télécharger Chrome </button><button _ngcontent-wkf-c19="" type="button" aria-label="Close" class="col-7 col-md-5 btn btn-secondary">Fermer </button></div></div></div></div></div></div><div class="tr-modal-background"></div></eg-modal><eg-modal _ngcontent-wkf-c18="" id="modal-error-long"><div class="tr-modal tr-show"><div class="tr-modal-body"><button _ngcontent-wkf-c18="" type="button" aria-label="Close" class="close"><svg-icon _ngcontent-wkf-c18="" src="assets/svg/close-popup.svg"><svg xmlns="http://www.w3.org/2000/svg" viewBox="0 0 20 20" _ngcontent-wkf-c18="" aria-hidden="true" style="height: 15px; width: 24px;">
                     <path d="M12,10l7.56-7.57a1.38,1.38,0,0,0,0-2,1.45,1.45,0,0,0-2,0L10,8,2.44.4a1.43,1.43,0,0,0-1-.4,1.43,1.43,0,0,0-1,.4,1.38,1.38,0,0,0,0,2L8,10,.43,17.55a1.38,1.38,0,0,0,0,2,1.62,1.62,0,0,0,.45.34,1.32,1.32,0,0,0,.55.1A1.32,1.32,0,0,0,2,19.9a1.62,1.62,0,0,0,.45-.34L10,12l7.56,7.57a1.38,1.38,0,0,0,.52.34,1.22,1.22,0,0,0,1,0,1.4,1.4,0,0,0,.52-2.35Z" fill="#c30d25" _ngcontent-wkf-c18=""></path>
                    </svg></svg-icon></button><div _ngcontent-wkf-c18="" id="modalConfirm" class="fade modal-confirm show"><div _ngcontent-wkf-c18="" class="modal-dialog"><div _ngcontent-wkf-c18="" class="modal-header"><h5 _ngcontent-wkf-c18="" id="confirmModalLabel" class="modal-title">Erreur: Temps d'attente dépassé</h5></div><div _ngcontent-wkf-c18="" class="modal-body"> Une erreur est survenue. Veuillez réessayer votre action ou réactualiser votre page. </div><div _ngcontent-wkf-c18="" class="modal-footer"><div _ngcontent-wkf-c18="" class="row justify-content-center w-100"><button _ngcontent-wkf-c18="" type="button" aria-label="Close" class="col-7 col-md-5 btn btn-secondary">Fermer </button></div></div></div></div></div></div><div class="tr-modal-background"></div></eg-modal><eg-modal _ngcontent-wkf-c154="" id="modal-delete-item"><div class="tr-modal tr-show"><div class="tr-modal-body"><button _ngcontent-wkf-c154="" type="button" aria-label="Close" class="close"><svg-icon _ngcontent-wkf-c154="" src="assets/svg/close-popup.svg"><svg xmlns="http://www.w3.org/2000/svg" viewBox="0 0 20 20" _ngcontent-wkf-c154="" aria-hidden="true" style="height: 15px; width: 24px;">
                     <path d="M12,10l7.56-7.57a1.38,1.38,0,0,0,0-2,1.45,1.45,0,0,0-2,0L10,8,2.44.4a1.43,1.43,0,0,0-1-.4,1.43,1.43,0,0,0-1,.4,1.38,1.38,0,0,0,0,2L8,10,.43,17.55a1.38,1.38,0,0,0,0,2,1.62,1.62,0,0,0,.45.34,1.32,1.32,0,0,0,.55.1A1.32,1.32,0,0,0,2,19.9a1.62,1.62,0,0,0,.45-.34L10,12l7.56,7.57a1.38,1.38,0,0,0,.52.34,1.22,1.22,0,0,0,1,0,1.4,1.4,0,0,0,.52-2.35Z" fill="#c30d25" _ngcontent-wkf-c154=""></path>
                    </svg></svg-icon></button><div _ngcontent-wkf-c154="" id="modalConfirm" class="fade modal-confirm show"><div _ngcontent-wkf-c154="" class="modal-dialog"><div _ngcontent-wkf-c154="" class="modal-header"><h5 _ngcontent-wkf-c154="" id="confirmModalLabel" class="modal-title">Vous êtes sur le point<br _ngcontent-wkf-c154="">de Confirmer une action</h5></div><div _ngcontent-wkf-c154="" class="modal-body"> êtes-vous sûr de vouloir continuer ? </div><div _ngcontent-wkf-c154="" class="modal-footer"><div _ngcontent-wkf-c154="" class="row justify-content-center w-100"><button _ngcontent-wkf-c154="" type="button" aria-label="Close" class="col-7 col-md-5 btn btn-primary mb-2 mb-md-0 mr-md-2">Confirmer </button><button _ngcontent-wkf-c154="" type="button" aria-label="Close" class="col-7 col-md-5 btn btn-secondary">Annuler </button></div></div></div></div></div></div><div class="tr-modal-background"></div></eg-modal><eg-modal _ngcontent-wkf-c160="" id="modal-product-replacement" class="modal modal-product-replacement fade show"><div class="tr-modal tr-show modal-product-replacement"><div class="tr-modal-body"><div _ngcontent-wkf-c160="" id="modalParent" class="modal-dialog modal-lg modal-dialog-centered"><div _ngcontent-wkf-c160="" class="modal-content"><button _ngcontent-wkf-c160="" type="button" aria-label="Close" class="close"><svg-icon _ngcontent-wkf-c160="" src="assets/svg/close-popup.svg"><svg xmlns="http://www.w3.org/2000/svg" viewBox="0 0 20 20" _ngcontent-wkf-c160="" aria-hidden="true" style="height: 15px; width: 24px;">
                     <path d="M12,10l7.56-7.57a1.38,1.38,0,0,0,0-2,1.45,1.45,0,0,0-2,0L10,8,2.44.4a1.43,1.43,0,0,0-1-.4,1.43,1.43,0,0,0-1,.4,1.38,1.38,0,0,0,0,2L8,10,.43,17.55a1.38,1.38,0,0,0,0,2,1.62,1.62,0,0,0,.45.34,1.32,1.32,0,0,0,.55.1A1.32,1.32,0,0,0,2,19.9a1.62,1.62,0,0,0,.45-.34L10,12l7.56,7.57a1.38,1.38,0,0,0,.52.34,1.22,1.22,0,0,0,1,0,1.4,1.4,0,0,0,.52-2.35Z" fill="#c30d25" _ngcontent-wkf-c160=""></path>
                    </svg></svg-icon></button><div _ngcontent-wkf-c160="" class="modal-header"><h5 _ngcontent-wkf-c160="" class="modal-title">Produit indisponible</h5><!----></div><div _ngcontent-wkf-c160="" class="modal-body"><h5 _ngcontent-wkf-c160="" class="modal-title">Produits de remplacement</h5><div _ngcontent-wkf-c160="" class="scrolled"><!----><!----></div></div></div></div></div></div><div class="tr-modal-background"></div></eg-modal><eg-modal _ngcontent-wkf-c161="" id="modal-empty-cart"><div class="tr-modal tr-show"><div class="tr-modal-body"><button _ngcontent-wkf-c161="" type="button" aria-label="Close" class="close"><svg-icon _ngcontent-wkf-c161="" src="assets/svg/close-popup.svg"><svg xmlns="http://www.w3.org/2000/svg" viewBox="0 0 20 20" _ngcontent-wkf-c161="" aria-hidden="true" style="height: 15px; width: 24px;">
                     <path d="M12,10l7.56-7.57a1.38,1.38,0,0,0,0-2,1.45,1.45,0,0,0-2,0L10,8,2.44.4a1.43,1.43,0,0,0-1-.4,1.43,1.43,0,0,0-1,.4,1.38,1.38,0,0,0,0,2L8,10,.43,17.55a1.38,1.38,0,0,0,0,2,1.62,1.62,0,0,0,.45.34,1.32,1.32,0,0,0,.55.1A1.32,1.32,0,0,0,2,19.9a1.62,1.62,0,0,0,.45-.34L10,12l7.56,7.57a1.38,1.38,0,0,0,.52.34,1.22,1.22,0,0,0,1,0,1.4,1.4,0,0,0,.52-2.35Z" fill="#c30d25" _ngcontent-wkf-c161=""></path>
                    </svg></svg-icon></button><div _ngcontent-wkf-c161="" id="modalConfirm" class="fade modal-confirm show"><div _ngcontent-wkf-c161="" class="modal-dialog"><div _ngcontent-wkf-c161="" class="modal-header"><h5 _ngcontent-wkf-c161="" id="confirmModalLabel" class="modal-title">Attention votre panier va être vidé !</h5></div><div _ngcontent-wkf-c161="" class="modal-body"> êtes-vous sûr de vouloir continuer ? </div><div _ngcontent-wkf-c161="" class="modal-footer"><div _ngcontent-wkf-c161="" class="row justify-content-center w-100"><button _ngcontent-wkf-c161="" type="button" aria-label="Close" class="col-7 col-md-5 btn btn-primary mb-2 mb-md-0 mr-md-2">Confirmer </button><button _ngcontent-wkf-c161="" type="button" aria-label="Close" class="col-7 col-md-5 btn btn-secondary">Annuler </button></div></div></div></div></div></div><div class="tr-modal-background"></div></eg-modal><eg-modal _ngcontent-wkf-c163="" id="modal-confirm-payment"><div class="tr-modal tr-show"><div class="tr-modal-body"><button _ngcontent-wkf-c163="" type="button" aria-label="Close" class="close"><svg-icon _ngcontent-wkf-c163="" src="assets/svg/close-popup.svg"><svg xmlns="http://www.w3.org/2000/svg" viewBox="0 0 20 20" _ngcontent-wkf-c163="" aria-hidden="true" style="height: 15px; width: 24px;">
                     <path d="M12,10l7.56-7.57a1.38,1.38,0,0,0,0-2,1.45,1.45,0,0,0-2,0L10,8,2.44.4a1.43,1.43,0,0,0-1-.4,1.43,1.43,0,0,0-1,.4,1.38,1.38,0,0,0,0,2L8,10,.43,17.55a1.38,1.38,0,0,0,0,2,1.62,1.62,0,0,0,.45.34,1.32,1.32,0,0,0,.55.1A1.32,1.32,0,0,0,2,19.9a1.62,1.62,0,0,0,.45-.34L10,12l7.56,7.57a1.38,1.38,0,0,0,.52.34,1.22,1.22,0,0,0,1,0,1.4,1.4,0,0,0,.52-2.35Z" fill="#c30d25" _ngcontent-wkf-c163=""></path>
                    </svg></svg-icon></button><div _ngcontent-wkf-c163="" id="modalConfirm" class="fade show modal-confirm"><div _ngcontent-wkf-c163="" class="modal-dialog"><div _ngcontent-wkf-c163="" class="modal-header"></div><div _ngcontent-wkf-c163="" class="modal-body text-lowercase text-capitalize"> undefined </div><div _ngcontent-wkf-c163="" class="modal-footer"><div _ngcontent-wkf-c163="" id="buttonContainer" class="card card-body flex-column flex-lg-row justify-content-center"><a _ngcontent-wkf-c163="" id="cancelPayment" class="btn btn-block btn-black btn-submit"><div _ngcontent-wkf-c163="" class="content"><span _ngcontent-wkf-c163="" class="label">Annuler</span></div></a>&nbsp;&nbsp;&nbsp; <a _ngcontent-wkf-c163="" id="validatePayment" class="btn btn-block btn-primary"><div _ngcontent-wkf-c163="" class="content"><span _ngcontent-wkf-c163="" class="label">Valider</span></div></a></div></div></div></div></div></div><div class="tr-modal-background"></div></eg-modal><eg-modal _ngcontent-wkf-c162="" id="modal-error-top-horaire"><div class="tr-modal tr-show"><div class="tr-modal-body"><button _ngcontent-wkf-c162="" type="button" aria-label="Close" class="close"><svg-icon _ngcontent-wkf-c162="" src="assets/svg/close-popup.svg"><svg xmlns="http://www.w3.org/2000/svg" viewBox="0 0 20 20" _ngcontent-wkf-c162="" aria-hidden="true" style="height: 15px; width: 24px;">
                     <path d="M12,10l7.56-7.57a1.38,1.38,0,0,0,0-2,1.45,1.45,0,0,0-2,0L10,8,2.44.4a1.43,1.43,0,0,0-1-.4,1.43,1.43,0,0,0-1,.4,1.38,1.38,0,0,0,0,2L8,10,.43,17.55a1.38,1.38,0,0,0,0,2,1.62,1.62,0,0,0,.45.34,1.32,1.32,0,0,0,.55.1A1.32,1.32,0,0,0,2,19.9a1.62,1.62,0,0,0,.45-.34L10,12l7.56,7.57a1.38,1.38,0,0,0,.52.34,1.22,1.22,0,0,0,1,0,1.4,1.4,0,0,0,.52-2.35Z" fill="#c30d25" _ngcontent-wkf-c162=""></path>
                    </svg></svg-icon></button><div _ngcontent-wkf-c162="" id="modalConfirm" class="fade modal-confirm show"><div _ngcontent-wkf-c162="" class="modal-dialog"><div _ngcontent-wkf-c162="" class="modal-header"><h5 _ngcontent-wkf-c162="" id="confirmModalLabel" class="modal-title">Erreur: Top horaire dépassé</h5></div><div _ngcontent-wkf-c162="" class="modal-body"> Le top horaire est dépassé. Vous devez saisir une nouvelle date de livraison. </div><div _ngcontent-wkf-c162="" class="modal-footer"><div _ngcontent-wkf-c162="" class="row justify-content-center w-100"><button _ngcontent-wkf-c162="" type="button" aria-label="Close" class="col-7 col-md-5 btn btn-secondary">Fermer </button></div></div></div></div></div></div><div class="tr-modal-background"></div></eg-modal><eg-modal _ngcontent-wkf-c182="" id="modal-Wishlist" class="modalWishlist"><div class="tr-modal tr-show modal-Wishlist"><div class="tr-modal-body"><div _ngcontent-wkf-c182="" class="modal-header modal-wishlist-header"><h4 _ngcontent-wkf-c182="" class="modal-title pull-left"><svg-icon _ngcontent-wkf-c182="" src="assets/svg/liste-product.svg"><svg x="0px" y="0px" viewBox="0 0 20 20" enable-background="new 0 0 20 20" xml:space="preserve" _ngcontent-wkf-c182="" aria-hidden="true" style="height: 20px; width: 20px;">
    <g fill="currentColor" _ngcontent-wkf-c182="">
        <path fill="currentColor" d="M2.581,2.736C2.366,2.527,2.023,2.527,1.81,2.732C1.591,2.941,1.591,3.277,1.805,3.487L3.106,4.77c0.103,0.1,0.241,0.157,0.388,0.157l0,0c0.143,0,0.281-0.057,0.383-0.157l3.962-3.858c0.214-0.209,0.214-0.545,0.004-0.755c-0.214-0.209-0.557-0.209-0.771,0L5.874,1.322C5.236,0.676,4.35,0.306,3.418,0.306C1.533,0.306,0,1.807,0,3.653C0,5.499,1.533,7,3.418,7c1.52,0,2.834-0.956,3.276-2.378c0.089-0.284-0.076-0.581-0.366-0.668c-0.29-0.083-0.593,0.074-0.682,0.358C5.352,5.263,4.434,5.931,3.418,5.931c-1.283,0-2.326-1.021-2.326-2.278s1.043-2.278,2.326-2.278c0.637,0,1.244,0.262,1.68,0.707l-1.6,1.558L2.581,2.736z" _ngcontent-wkf-c182=""></path>
        <path fill="currentColor" d="M3.5,7C1.57,7,0,8.346,0,10s1.57,3,3.5,3S7,11.654,7,10S5.43,7,3.5,7z M3.5,12.041c-1.314,0-2.382-0.914-2.382-2.041c0-1.126,1.068-2.042,2.382-2.042S5.882,8.874,5.882,10C5.882,11.127,4.814,12.041,3.5,12.041z" _ngcontent-wkf-c182=""></path>
        <path fill="currentColor" d="M7,17c0-1.654-1.57-3-3.5-3S0,15.346,0,17s1.57,3,3.5,3S7,18.654,7,17z M3.5,19.045c-1.314,0-2.382-0.914-2.382-2.041s1.068-2.041,2.382-2.041s2.382,0.914,2.382,2.041S4.814,19.045,3.5,19.045z" _ngcontent-wkf-c182=""></path>
        <path fill="currentColor" d="M19.438,10H8.562C8.251,10,8,10.224,8,10.5S8.251,11,8.562,11h10.877C19.749,11,20,10.776,20,10.5S19.749,10,19.438,10z" _ngcontent-wkf-c182=""></path>
        <path fill="currentColor" d="M19.438,3H8.562C8.251,3,8,3.224,8,3.5S8.251,4,8.562,4h10.877C19.749,4,20,3.776,20,3.5S19.749,3,19.438,3z" _ngcontent-wkf-c182=""></path>
        <path fill="currentColor" d="M19.438,16H8.562C8.251,16,8,16.224,8,16.5S8.251,17,8.562,17h10.877C19.749,17,20,16.776,20,16.5C20,16.22,19.749,16,19.438,16z" _ngcontent-wkf-c182=""></path>
    </g>
</svg></svg-icon> CREER UNE LISTE </h4><button _ngcontent-wkf-c182="" id="btnCloseCalendar" type="button" class="btn btn-link close btn-right"><span _ngcontent-wkf-c182="" class="icon"><svg-icon _ngcontent-wkf-c182="" src="assets/svg/close.svg"><svg xmlns="http://www.w3.org/2000/svg" viewBox="0 0 20 20" _ngcontent-wkf-c182="" aria-hidden="true" style="height: 13px; width: 13px;">
    <path d="M12,10l7.56-7.57a1.38,1.38,0,0,0,0-2,1.45,1.45,0,0,0-2,0L10,8,2.44.4a1.43,1.43,0,0,0-1-.4,1.43,1.43,0,0,0-1,.4,1.38,1.38,0,0,0,0,2L8,10,.43,17.55a1.38,1.38,0,0,0,0,2,1.62,1.62,0,0,0,.45.34,1.32,1.32,0,0,0,.55.1A1.32,1.32,0,0,0,2,19.9a1.62,1.62,0,0,0,.45-.34L10,12l7.56,7.57a1.38,1.38,0,0,0,.52.34,1.22,1.22,0,0,0,1,0,1.4,1.4,0,0,0,.52-2.35Z" fill="#c30d25" _ngcontent-wkf-c182=""></path>
</svg></svg-icon></span></button></div><eg-wishlist-popup _ngcontent-wkf-c182="" _nghost-wkf-c176="" class="modal-wishlist"><div _ngcontent-wkf-c176="" class="modal-body wishlist-body"><div _ngcontent-wkf-c176="" class="input-group input-group-gray"><input _ngcontent-wkf-c176="" id="inputCreateListName" type="text" class="form-control ng-untouched ng-pristine ng-valid" placeholder="Créer une nouvelle liste"><div _ngcontent-wkf-c176="" class="input-group-append"><button _ngcontent-wkf-c176="" id="btnCreateListName" class="btn btn-default btn-gray inactive"><div _ngcontent-wkf-c176="" class="content"><span _ngcontent-wkf-c176="" class="label">Créer</span></div></button></div></div><!----><!----><!----></div></eg-wishlist-popup></div></div><div class="tr-modal-background modal-Wishlist"></div></eg-modal><eg-modal _ngcontent-wkf-c189="" id="modal-contact"><div class="tr-modal tr-show"><div class="tr-modal-body"><button _ngcontent-wkf-c189="" type="button" aria-label="Close" class="close"><svg-icon _ngcontent-wkf-c189="" src="assets/svg/close-popup.svg"><svg xmlns="http://www.w3.org/2000/svg" viewBox="0 0 20 20" _ngcontent-wkf-c189="" aria-hidden="true" style="height: 15px; width: 24px;">
                     <path d="M12,10l7.56-7.57a1.38,1.38,0,0,0,0-2,1.45,1.45,0,0,0-2,0L10,8,2.44.4a1.43,1.43,0,0,0-1-.4,1.43,1.43,0,0,0-1,.4,1.38,1.38,0,0,0,0,2L8,10,.43,17.55a1.38,1.38,0,0,0,0,2,1.62,1.62,0,0,0,.45.34,1.32,1.32,0,0,0,.55.1A1.32,1.32,0,0,0,2,19.9a1.62,1.62,0,0,0,.45-.34L10,12l7.56,7.57a1.38,1.38,0,0,0,.52.34,1.22,1.22,0,0,0,1,0,1.4,1.4,0,0,0,.52-2.35Z" fill="#c30d25" _ngcontent-wkf-c189=""></path>
                    </svg></svg-icon></button><div _ngcontent-wkf-c189="" id="modalConfirm" class="fade modal-confirm show"><div _ngcontent-wkf-c189="" class="modal-dialog"><div _ngcontent-wkf-c189="" class="modal-header"></div><div _ngcontent-wkf-c189="" class="modal-body dropdown__topbar"><eg-contact _ngcontent-wkf-c189="" _nghost-wkf-c170=""><div _ngcontent-wkf-c170="" aria-labelledby="dropdownMenuContact"><div _ngcontent-wkf-c170="" class="dropdown-item"><span _ngcontent-wkf-c170="" class="icon"><svg-icon _ngcontent-wkf-c170="" src="assets/svg/portable.svg"><svg viewBox="0 0 14.17 25" xmlns="http://www.w3.org/2000/svg" _ngcontent-wkf-c170="" aria-hidden="true" style="height: 25px; width: 14.17px;">
    <path d="M5,2.08H9.17a.42.42,0,0,0,0-.83H5a.42.42,0,0,0,0,.83Z" fill="#c30d25" _ngcontent-wkf-c170=""></path>
    <path d="M11.67,2.08h.42a.42.42,0,0,0,0-.83h-.42a.42.42,0,1,0,0,.83Z" fill="#c30d25" _ngcontent-wkf-c170=""></path>
    <path d="M7.6,21.25h-1A1.15,1.15,0,0,0,5.42,22.4v.2a1.15,1.15,0,0,0,1.15,1.15h1A1.15,1.15,0,0,0,8.75,22.6v-.2A1.15,1.15,0,0,0,7.6,21.25Zm.32,1.35a.32.32,0,0,1-.32.32h-1a.32.32,0,0,1-.32-.32v-.2a.32.32,0,0,1,.32-.32h1a.32.32,0,0,1,.32.32Z" fill="#c30d25" _ngcontent-wkf-c170=""></path>
    <path d="M14.17,2.92h0V1.51A1.51,1.51,0,0,0,12.66,0H1.51A1.51,1.51,0,0,0,0,1.51v22A1.51,1.51,0,0,0,1.51,25H12.66a1.51,1.51,0,0,0,1.51-1.51V20.42h0ZM.83,3.33h12.5V20H.83ZM1.51.83H12.66a.67.67,0,0,1,.67.67v1H.83v-1A.67.67,0,0,1,1.51.83ZM12.66,24.17H1.51a.67.67,0,0,1-.67-.67V20.83h12.5v2.66A.67.67,0,0,1,12.66,24.17Z" fill="#c30d25" _ngcontent-wkf-c170=""></path>
</svg></svg-icon></span><div _ngcontent-wkf-c170="" class="content contact_sr"><strong _ngcontent-wkf-c170="" class="title">Contact commercial</strong><strong _ngcontent-wkf-c170="" class="font-sm py-1"> Floriane MERIGNAC</strong><a _ngcontent-wkf-c170="" id="commercialMail" class="font-xs lh1_2" href="mailto:"></a><a _ngcontent-wkf-c170="" id="commercialTel" class="font-sm red lh1_2" href="tel:06 72 77 36 47"><strong _ngcontent-wkf-c170="">06 72 77 36 47</strong></a></div></div><div _ngcontent-wkf-c170="" href="#" class="dropdown-item"><span _ngcontent-wkf-c170="" class="icon"><svg-icon _ngcontent-wkf-c170="" src="assets/svg/casque.svg"><svg viewBox="0 0 22.98 24.44" xmlns="http://www.w3.org/2000/svg" _ngcontent-wkf-c170="" aria-hidden="true" style="height: 24.44px; width: 22.98px;"><title _ngcontent-wkf-c170="">casque</title>
    <path d="M19.85,9.29V8.35a8.58,8.58,0,0,0-2.24-5.89A7.72,7.72,0,0,0,11.89,0h-.78A7.72,7.72,0,0,0,5.38,2.46,8.58,8.58,0,0,0,3.14,8.35v.94A3.37,3.37,0,0,0,0,12.65v1.47a3.37,3.37,0,0,0,3.36,3.36H5.26a.62.62,0,0,0,.62-.62v-7a.62.62,0,0,0-.62-.62H4.37V8.35A6.78,6.78,0,0,1,11.1,1.23h.78a6.78,6.78,0,0,1,6.73,7.12v.93h-.88a.62.62,0,0,0-.62.62v7a.62.62,0,0,0,.62.62h.86A4.1,4.1,0,0,1,15.1,21.6,2.17,2.17,0,0,0,13,20.11H11.5a2.16,2.16,0,0,0,0,4.33H13a2.17,2.17,0,0,0,2.08-1.59,5.83,5.83,0,0,0,2.09-.71,5.44,5.44,0,0,0,2.61-4.66A3.37,3.37,0,0,0,23,14.11V12.64A3.35,3.35,0,0,0,19.85,9.29ZM4.65,10.51v5.73H3.37a2.13,2.13,0,0,1-2.13-2.13V12.64a2.13,2.13,0,0,1,2.13-2.13ZM13,23.21H11.5a.93.93,0,0,1,0-1.86H13a.93.93,0,0,1,0,1.86Zm8.71-9.09a2.13,2.13,0,0,1-2.13,2.13H18.35V10.51h1.28a2.13,2.13,0,0,1,2.13,2.13Z" fill="#c30d25" _ngcontent-wkf-c170=""></path>
</svg></svg-icon></span><div _ngcontent-wkf-c170="" class="content contact_sr"><strong _ngcontent-wkf-c170="" class="title">Contact Télévente</strong><strong _ngcontent-wkf-c170="" class="font-sm py-1"> </strong><a _ngcontent-wkf-c170="" id="televenteMail" class="font-xs lh1_2" href="mailto:"></a><div _ngcontent-wkf-c170="" class="align-items-baseline"><a _ngcontent-wkf-c170="" id="televenteTel" class="font-sm red lh1_2" href="tel:0 811 656 588"><strong _ngcontent-wkf-c170="">0 811 656 588</strong></a><small _ngcontent-wkf-c170="" class="font-xxs font-weight-bold px-1">0.15€/min</small></div></div></div><div _ngcontent-wkf-c170="" class="dropdown-menu__arrow"></div></div></eg-contact></div><div _ngcontent-wkf-c189="" class="modal-footer"></div></div></div></div></div><div class="tr-modal-background"></div></eg-modal><eg-modal _ngcontent-wkf-c194="" id="modal-cgv"><div class="tr-modal tr-show modal-cgv"><div class="tr-modal-body"><button _ngcontent-wkf-c194="" type="button" aria-label="Close" class="close"><svg-icon _ngcontent-wkf-c194="" src="assets/svg/close-popup.svg"><svg xmlns="http://www.w3.org/2000/svg" viewBox="0 0 20 20" _ngcontent-wkf-c194="" aria-hidden="true" style="height: 15px; width: 24px;">
                     <path d="M12,10l7.56-7.57a1.38,1.38,0,0,0,0-2,1.45,1.45,0,0,0-2,0L10,8,2.44.4a1.43,1.43,0,0,0-1-.4,1.43,1.43,0,0,0-1,.4,1.38,1.38,0,0,0,0,2L8,10,.43,17.55a1.38,1.38,0,0,0,0,2,1.62,1.62,0,0,0,.45.34,1.32,1.32,0,0,0,.55.1A1.32,1.32,0,0,0,2,19.9a1.62,1.62,0,0,0,.45-.34L10,12l7.56,7.57a1.38,1.38,0,0,0,.52.34,1.22,1.22,0,0,0,1,0,1.4,1.4,0,0,0,.52-2.35Z" fill="#c30d25" _ngcontent-wkf-c194=""></path>
                    </svg></svg-icon></button><div _ngcontent-wkf-c194="" id="modalConfirm" class="fade modal-confirm show"><div _ngcontent-wkf-c194="" class="modal-dialog"><div _ngcontent-wkf-c194="" class="modal-body"><div _ngcontent-wkf-c194="" class="scrolled">




CONDITIONS GENERALES DE VENTE






<div class="WordSection1">

<p class="Default"><b><span>&nbsp;&nbsp;&nbsp;&nbsp;&nbsp;&nbsp;&nbsp;&nbsp;&nbsp;&nbsp;&nbsp;&nbsp;&nbsp;&nbsp;&nbsp;&nbsp;&nbsp;&nbsp;&nbsp;&nbsp;&nbsp;&nbsp;&nbsp;&nbsp;&nbsp;&nbsp;&nbsp;&nbsp;&nbsp;&nbsp;&nbsp;&nbsp;&nbsp;&nbsp;&nbsp;&nbsp;&nbsp;&nbsp;&nbsp;&nbsp;&nbsp;&nbsp;&nbsp;&nbsp;&nbsp;&nbsp;&nbsp;&nbsp;&nbsp;&nbsp;&nbsp;&nbsp;&nbsp;&nbsp;&nbsp;&nbsp;&nbsp;&nbsp;&nbsp;&nbsp;&nbsp;&nbsp;&nbsp;&nbsp;&nbsp;&nbsp;&nbsp;&nbsp;&nbsp;&nbsp;&nbsp;&nbsp;&nbsp;&nbsp;&nbsp;&nbsp; </span></b><b><u><span>CONDITIONS GENERALES DE
VENTE</span></u></b></p>

<p class="Default"><span>&nbsp;</span></p>

</div>

<span><br clear="all">
</span>

<div class="WordSection2">

<p class="Default"><a><b><u><span>1-
Application - Opposabilité des Conditions générales de vente</span></u></b></a></p>

<p class="CM1"><span>Les
présentes conditions générales de vente (ci-après «&nbsp;CGV&nbsp;») entrent en
vigueur le 1<sup>er</sup> novembre 2021 et régissent les relations commerciales
entre la société identifiée en pied de page (ci-après le «&nbsp;Vendeur&nbsp;»)
et son client (ci-après «&nbsp;l'Acheteur&nbsp;»). Elles annulent et remplacent
les CGV antérieures.</span></p>

<p class="CM4"><span>Le fait de
passer commande implique l'acceptation expresse, entière et sans réserve par l'Acheteur
des CGV et en particulier de la clause de réserve de propriété. Les Parties (le
Vendeur et l'Acheteur) reconnaissent que seules les CGV ainsi que les
éventuelles conditions particulières de vente dûment convenues par écrit entre
les Parties s'appliquent à leur relation commerciale, à l'exclusion de tout
autre document (telles que les conditions générales d'achat de l'Acheteur).</span></p>

<p class="CM4"><span>Le fait que le
Vendeur ne se prévale pas à un moment donné de l'une quelconque des clauses des
CGV ne saurait être interprété comme valant renonciation à s'en prévaloir
ultérieurement.</span></p>

<p class="CM4"><b><u><span>2- Commandes</span></u></b></p>

<p class="CM4"><span>Elles
peuvent être passées soit par téléphone au service télévente du Vendeur, soit
remises au commercial du Vendeur, soit adressées par télécopie, courrier, moyen
électronique (courriel, via le site internet du Vendeur¿). En cas de
contestation, le bon de livraison en format papier et/ou sur tout support
dématérialisé signé par l'Acheteur, ou son préposé mandaté à cette fin, vaudra
bon de commande.</span></p>

<p class="CM2"><span>L'Acheteur doit mentionner
lors de sa commande son numéro d'inscription au registre du commerce et des
sociétés ou au répertoire des métiers ou au répertoire SIRENE, l'adresse de
livraison, la date de la commande, la quantité, la dénomination précise des
produits.</span></p>

<p class="CM2"><b><u><span>3- Délais de livraison</span></u></b></p>

<p class="CM2"><span>L'Acheteur reconnait que
les délais de livraison annoncés par le Vendeur, le sont à titre indicatif, et
que ces délais peuvent varier en fonction de ses possibilités
d'approvisionnement et de transport. En conséquence, la responsabilité du
Vendeur ne pourra jamais être recherchée du fait du non-respect des délais de
livraison. Dans le même sens, le non-respect des délais de livraison ne pourra
jamais donner lieu à annulation de la commande.</span></p>

<p class="CM4"><b><u><span>4- Modalités
de livraison</span></u></b></p>

<p class="CM4"><span>Les
livraisons, accompagnées des bordereaux de livraison, sont effectuées franco de
port à partir de trois cents euros (300€) de commande hors taxes&nbsp;; en
dessous de ce seuil, une participation forfaitaire aux frais de port de vingt euros
(20€) pourra être facturée à l'Acheteur. Sauf exception, les produits sont
livrés par les soins du Vendeur. Dans le cas où le Vendeur assure le transport
des marchandises, les risques sur ces dernières sont transférés à l'Acheteur lors
du déchargement à l'adresse de livraison stipulée sur le bon de livraison. La
responsabilité du Vendeur et celle de ses chauffeurs ne peut pas être engagée à
l'intérieur des locaux de l'Acheteur.</span></p>

<p class="CM4"><b><u><span>5- Réception
des marchandises</span></u></b></p>

<p class="CM4"><span>Toute
livraison, au moment du déchargement, doit faire l'objet d'un contrôle par l'Acheteur
ou son préposé mandaté à cette fin.</span></p>

<p class="CM4"><span>En cas de
manquant, de non-conformité de la livraison par rapport à la commande, de
défaut apparent ou d'avarie, toute réserve doit être faite lors de la
livraison, par écrit et signée sur le bon de livraison papier (obligatoirement
tamponné et remis au chauffeur, un exemplaire sera conservé par l'Acheteur)
et/ou dématérialisé.</span></p>

<p class="CM4"><span>Pour être
recevable, une réclamation concernant les conditions de livraison, manquant, non-conformité
des produits livrés par rapport aux produits commandés, avarie, défaut
apparent, non formulée sur le bon de livraison, devra faire l'objet d'une
déclaration écrite par tous moyens dont les usages reconnaissent la force
probante auprès du Vendeur, au plus tard vingt-quatre (24) heures suivant la
réception&nbsp;; passé ce délai, aucune réclamation ne pourra être prise en
compte.</span></p>

<p class="CM4"><b><u><span>6- Retour -
Reprise</span></u></b></p>

<p class="CM4"><span>En raison même
de la nature périssable des produits, le Vendeur n'accepte ni les reprises ni
les échanges, sauf accord spécifique et préalable. Tout accord de reprise
préalablement accepté fait l'objet d'un bon de reprise établi par le Vendeur. En
l'absence du bon de reprise, aucun chauffeur du Vendeur ne sera autorisé à
reprendre les produits.</span></p>

<p class="CM4"><span>Toute
reprise acceptée par le Vendeur entraînera l'émission d'un avoir au profit de
l'Acheteur après vérification quantitative, qualitative, de la D.L.C (Date
Limite de Consommation) ou D.D.M (Date de Durabilité Minimale) des produits non
déconditionnés.</span></p>

<p class="CM4"><span>Le déconditionnement
et/ou le reconditionnement par l'Acheteur des produits livrés, quel qu'il soit,
vaut renonciation à tout recours à l'encontre du Vendeur.</span></p>

<p class="CM4"><span>Quel que
soit le motif, aucune reprise ne pourra donner lieu à indemnité ou dommages intérêts
au profit de l'Acheteur, autres que ceux précisés à l'article 14.</span></p>

<p class="CM4"><b><u><span>7- Tarif</span></u></b></p>

<p class="CM4"><span>Les tarifs en
vigueur des produits sont transmis à l'Acheteur sur simple demande auprès du
service commercial. Ces tarifs sont majorés de plein droit du montant des
taxes, impôts, charges, redevances ou contributions de toute nature, actuels ou
futurs, supportés ou dus par le Vendeur dans le cadre de l'opération de vente
et des éventuels frais administratifs. Toutes modifications et/ou évolutions de
ces taxes, impôts, charges, redevances ou contributions, de toute nature seront
immédiatement et de plein droit applicables aux tarifs des produits. </span></p>

<p class="CM4"><span>Les offres
promotionnelles sur les produits ne sont ni cumulables entre elles ni avec les
tarifs spécifiquement négociés par l'Acheteur.</span></p>

<p class="CM4"><span>Les tarifs
peuvent être actualisés en cas de fluctuation des cours de certaines matières
premières et/ou de la variation des indicateurs qui auront été retenus pour les
produits agricoles conformément aux dispositions de la loi « EGALIM » pour
prendre en compte les indicateurs agricoles et de production, dès lors que
ceux-ci existent et sont applicables.</span></p>

<p class="CM4"><span>En cas de
variation significative du prix des carburants ou de toute affectation majeure des
coûts de livraison, le Vendeur se réserve la possibilité de répercuter à l'Acheteur
les coûts engendrés par ces augmentations.</span></p>

<p class="CM4"><b><u><span>8- Facturation</span></u></b></p>

<p class="CM4"><span>Sauf
convention contraire, une facture (papier ou dématérialisée au sens fiscal) est
établie pour chaque livraison. La date d'émission de la facture correspond à la
date de livraison des produits. Elle constitue le point de départ du délai de
paiement en cas de paiement à terme échu. Sauf stipulation contraire chacune des
factures sera majorée de frais de facturation.</span></p>

<p class="CM4"><b><u><span>9- Conditions
de Paiement</span></u></b></p>

<p class="CM5"><span>Sauf dans le
cas où la législation et la règlementation en vigueur venaient à être modifiées
ou de conditions particulières négociées entre les Parties, les conditions de
règlement sont les suivantes:</span></p>

<p class="CM5"><span>- Comptant
pour un retrait en magasin (étant précisé que la remise d'un chèque ne
constitue pas un paiement comptant) et pour toute commande passée par un nouvel
Acheteur via le site du Vendeur www.transgourmet.fr&nbsp;;</span></p>

<p class="CM5"><span>- Pour les
commandes livrées&nbsp;:</span></p>

<p class="Default"><span>- vingt (20)
jours nets pour la viande fraîche,</span></p>

<p class="CM5"><span>- trente
(30) jours nets ou vingt (20) jours fin de décade pour les autres produits.</span></p>

<p class="CM5"><span>Le Vendeur se
réserve le droit de prévoir des délais de paiement plus courts en fonction des
caractéristiques particulières que l'Acheteur présente. </span><span>Sauf convention contraire,
les paiements se font par prélèvement automatique.</span></p>

<p class="CM5"><span>Tout règlement de
facture en espèces ne pourra excéder le montant prévu aux <span>dispositions légales et réglementaires applicables en la matière.</span></span></p>

<p class="CM5"><span>La
notification d'un litige quel qu'il soit (quantité, prix, ...) ne dispense
nullement l'Acheteur de son obligation de paiement de la partie non litigieuse
de la facture, conformément aux délais prévus ci-dessus. </span></p>

<p class="CM5"><span>Sauf accord
des Parties, les factures émises par le Vendeur ne peuvent donner lieu à aucune
compensation avec d'autres sommes d'une quelconque nature qui par ailleurs
pourraient être dues par le Vendeur à l'Acheteur.</span></p>

<p class="Default"><span>Le paiement anticipé des factures ne donnera
lieu à aucun escompte.</span></p>

<p class="CM4"><b><u><span>10- Crédit</span></u></b></p>

<p class="CM4"><span>Toute
détérioration du crédit de l'Acheteur, ou tout dépassement de son encours
autorisé, pourra justifier l'exigence de garantie ou d'un règlement comptant
avant l'exécution des commandes reçues. La preuve de la solvabilité et de sa
constance appartient à l'Acheteur.</span></p>

<p class="CM4"><span>Par
ailleurs, le Vendeur se réserve le droit de réduire le montant d'une commande
qui dépasserait la couverture de l'Acheteur auprès de son assureur-crédit.</span></p>

<p class="CM4"><b><u><span>11-
Transfert et réserve de propriété</span></u></b></p>

<p class="CM5"><span>Le Vendeur
conserve la propriété des marchandises vendues jusqu'au paiement du prix de
celles-ci par l'Acheteur, en principal et accessoires, même en cas d'octroi de
délais de paiement. L'Acheteur est autorisé, dans le cadre de l'exploitation
normale de son établissement, à revendre les marchandises livrées préalablement
au paiement complet du prix des marchandises. Cependant, il ne peut ni les
apporter en garantie ni en transférer la propriété à titre de garantie.</span></p>

<p class="CM5"><span>En cas de
revente, l'Acheteur s'engage à régler immédiatement au Vendeur la partie du
prix restant due.</span></p>

<p class="CM5"><span>En cas de
revendication, quelle qu'en soit son origine, les produits se trouvant en stock
chez l'Acheteur seront réputés les derniers facturés et seront repris à
concurrence des factures impayées.</span></p>

<p class="CM4"><b><u><span>12- Retard
de paiement - Intérêts de retard - Indemnité pour frais de recouvrement - Clause
pénale</span></u></b></p>

<p class="CM4"><span>Le défaut de
règlement d'une facture à sa date d'exigibilité&nbsp;: </span></p>

<p class="CM4"><span>-<span>&nbsp;&nbsp;&nbsp;&nbsp;&nbsp;&nbsp; </span></span><span>peut entraîner
la suspension immédiate des livraisons, </span></p>

<p class="CM4"><span>-<span>&nbsp;&nbsp;&nbsp;&nbsp;&nbsp;&nbsp; </span></span><span>et entraîne l'exigibilité
anticipée de toutes les factures déjà émises par le Vendeur à l'Acheteur et non
encore réglées, quel que soit le mode de règlement prévu.</span></p>

<p class="CM4"><span>De plus, le
défaut de paiement d'une facture peut entraîner la revendication des produits
se trouvant en stock chez l'Acheteur, et non encore réglés.</span></p>

<p class="MsoNormal"><span>À défaut de
paiement, même partiel, à la date de règlement prévue, sont dus par l'Acheteur,
sans qu'une mise en demeure préalable ne soit nécessaire&nbsp;:</span></p>

<p class="MsoNormal"><span>1° des intérêts
de retard&nbsp;; le taux d'intérêt appliqué est trois (3) fois le taux
d'intérêt légal</span></p>

<p class="MsoNormal"><span>2° une
indemnité forfaitaire pour frais de recouvrement de quarante euros (40 €); en
cas de frais de recouvrement exposés supérieurs à cette indemnité forfaitaire, le
Vendeur pourra demander une indemnisation complémentaire sur présentation des justificatifs.</span></p>

<p class="MsoNormal"><span>Le Vendeur
pourra facturer en sus, </span><span>une
indemnité forfaitaire de quinze pourcent (15 %) du montant des sommes dues en
principal, à titre de clause pénale.</span></p>

<p class="CM4"><b><u><span>13 -
Emballages</span></u></b></p>

<p class="CM5"><span>A défaut
d'être vendus ou consignés, l'ensemble des supports de livraison doit être
restitué en parfait état au Vendeur, faute de quoi, ceux-ci feront l'objet
d'une facturation.</span></p>

<p class="CM5"><span>Concernant
les supports de livraison consignés à l'Acheteur (rolls, palettes, intercalaires
et autres supports de livraison), leur consignation est payable en même temps
que les produits et dans les mêmes conditions.</span></p>

<p class="CM5"><span>La
déconsignation est opérée par avoir passé en compte et n'est dû qu'après
réception par le Vendeur des rolls, palettes, intercalaires et autres supports
de livraison, en retour en bon état et franco de tous frais.</span></p>

<p class="CM4"><b><u><span>14 -
Responsabilité</span></u></b></p>

<p class="CM4"><span>La
responsabilité du Vendeur et/ou ses préposés, ne peut être engagée par l'Acheteur
ni après la remise des marchandises à celui-ci, c'est-à-dire dès leur déchargement
à l'adresse de livraison stipulée sur le bon de livraison papier et/ou dématérialisé
(sous réserve des stipulations de l'article 5), ni en cas d'évènement échappant
raisonnablement au contrôle du Vendeur. L'Acheteur est seul responsable de la
passation de commande, du stockage et de l'utilisation des produits achetés auprès
du Vendeur.</span></p>

<p class="CM4"><span>En tout état
de cause, la responsabilité du Vendeur ne pourra jamais excéder le montant de
la commande y relative.</span></p>

<p class="CM4"><b><u><span>15 - Confidentialité
- Données personnelles</span></u></b></p>

<p class="Default"><span>Les Parties s'engagent à
ne pas divulguer ou laisser divulguer à des tiers, de quelque manière que ce
soit, toutes informations et/ou documents, quelle qu'en soit la nature,
notamment technique, commerciale ou financière, sur quelque support que ce soit
(oral, écrit ou informatique) qui leur auraient été remis ou dont elles
pourraient avoir eu connaissance dans le cadre de l'exécution de leur relation
commerciale, sauf autorisation préalable et écrite de l'autre Partie et ce
pendant une durée de cinq </span><span>(5</span><span>) ans après la rupture de
leur relation commerciale quelle qu'en soit la cause.</span></p>

<p class="Default"><span>La communication et/ou
la divulgation de ces informations confidentielles par l'Acheteur est
strictement interdite et constitue une violation du secret des affaires</span><span> au sens des articles L.151-3
et suivants du Code de commerce.</span></p>

<p class="Default"><span>L'Acheteur s'engage à
effectuer sous sa propre responsabilité toutes démarches, formalités,
déclarations et/ou obtenir toutes autorisations concernant les données à
caractère personnel qu'il traite ou pourrait être amené à traiter dans le cadre
de ses relations avec le Vendeur et ce, conformément à la règlementation relative
à la Protection des Données Personnelles en vigueur.</span></p>

<p class="CM4"><b><u><span>16- Droit
applicable - Clause anti-corruption - Clause attributive de compétence</span></u></b></p>

<p class="CM4"><span>L'Acheteur
devra s'acquitter de ses obligations en vertu des CGV et conformément au droit
français. Plus particulièrement, l'Acheteur certifie être en conformité et
continuera d'être en conformité avec les législations anti-corruption
applicables en France.</span></p>

<p class="CM4"><b><span>Pour tout litige entre les parties, relatif à la conclusion, L'exécution
ou LA TERMINAISON DES CGV, seul le Tribunal de Commerce de Créteil sera
compétent, même en cas de référé, de demande incidente ou de pluralité de
défendeurs ou d'appel en garantie, et quels que soient le mode et les modalités
de paiement.</span></b></p>

</div>

<span><br clear="all">
</span>

<div class="WordSection3">

<p class="MsoBodyText" align="center">Transgourmet
Opérations - SAS au capital de 15.000.000 €</p>

<p class="MsoBodyText" align="center">17,
rue de la Ferme de la Tour 94460 Valenton RCS Créteil 433 927 332</p>

</div>




</div></div><div _ngcontent-wkf-c194="" class="modal-footer"><div _ngcontent-wkf-c194="" class="d-flex justify-content-center"><button _ngcontent-wkf-c194="" type="button" class="btn btn-primary mb-2 mb-md-0"> Valider </button></div></div></div></div></div></div><div class="tr-modal-background"></div></eg-modal><eg-modal _ngcontent-wkf-c195="" id="modal-alert-message"><div class="tr-modal tr-show"><div class="tr-modal-body"><div _ngcontent-wkf-c195="" id="modalParent"><div _ngcontent-wkf-c195="" class="main-alert"><button _ngcontent-wkf-c195="" type="button" aria-label="Close" class="close"><svg-icon _ngcontent-wkf-c195="" src="assets/svg/close-popup.svg"><svg xmlns="http://www.w3.org/2000/svg" viewBox="0 0 20 20" _ngcontent-wkf-c195="" aria-hidden="true" style="height: 15px; width: 24px;">
                     <path d="M12,10l7.56-7.57a1.38,1.38,0,0,0,0-2,1.45,1.45,0,0,0-2,0L10,8,2.44.4a1.43,1.43,0,0,0-1-.4,1.43,1.43,0,0,0-1,.4,1.38,1.38,0,0,0,0,2L8,10,.43,17.55a1.38,1.38,0,0,0,0,2,1.62,1.62,0,0,0,.45.34,1.32,1.32,0,0,0,.55.1A1.32,1.32,0,0,0,2,19.9a1.62,1.62,0,0,0,.45-.34L10,12l7.56,7.57a1.38,1.38,0,0,0,.52.34,1.22,1.22,0,0,0,1,0,1.4,1.4,0,0,0,.52-2.35Z" fill="#c30d25" _ngcontent-wkf-c195=""></path>
                    </svg></svg-icon></button><!----><div _ngcontent-wkf-c195="" class="scrolled"><!----><!----></div></div><div _ngcontent-wkf-c195="" class="modal-footer"><div _ngcontent-wkf-c195="" class="d-flex justify-content-center"><button _ngcontent-wkf-c195="" type="button" class="btn btn-primary mb-2 mb-md-0"> OK, J'AI COMPRIS </button></div></div></div></div></div><div class="tr-modal-background"></div></eg-modal><script type="text/javascript" src="assets/tarteaucitron/tarteaucitronbsp.js?v=0.6864382201983945"></script><div id="tarteaucitronRoot"><div id="tarteaucitronPremium"></div><div id="tarteaucitronBack" onclick="tarteaucitron.userInterface.closePanel();"></div><div id="tarteaucitron">   <div id="tarteaucitronClosePanel" onclick="tarteaucitron.userInterface.closePanel();">       Close   </div>   <div id="tarteaucitronServices">      <div id="tarteaucitronServicesTitleDescription"><h1>Gestion de vos préférences sur les cookies</h1><p>Certaines fonctionnalités de ce site s'appuient sur des services proposés par des sites tiers.</p><p>Ces fonctionnalités déposent des cookies permettant notamment à ces sites de tracer votre navigation.</p><p>Ces cookies ne sont déposés que si vous donnez votre accord.</p><p>Vous pouvez vous informer sur la nature des cookies déposés, les accepter ou les refuser soit globalement pour l'ensemble du site et l'ensemble des services, soit service par service.</p></div><div class="tarteaucitronLine tarteaucitronMainLine" id="tarteaucitronMainLineOffset">         <div class="tarteaucitronName">            <b><a href="#" onclick="tarteaucitron.userInterface.toggle('tarteaucitronInfo', 'tarteaucitronInfoBox');return false">✛</a> Preference for all services</b>         </div>         <div class="tarteaucitronAsk" id="tarteaucitronScrollbarAdjust">            <div id="tarteaucitronAllAllowed" class="tarteaucitronAllow" onclick="tarteaucitron.userInterface.respondAll(true);" style="background-color: rgb(128, 128, 128);">               ✓ Allow            </div>             <div id="tarteaucitronAllDenied" class="tarteaucitronDeny" onclick="tarteaucitron.userInterface.respondAll(false);" style="background-color: rgb(156, 26, 26);">               ✗ Deny            </div>         </div>      </div>      <div id="tarteaucitronInfo" class="tarteaucitronInfoBox">         By allowing these third party services, you accept their cookies and the use of tracking technologies necessary for their proper functioning.      </div>      <div class="tarteaucitronBorder" id="tarteaucitronScrollbarParent">         <div class="clear"></div>         <div id="tarteaucitronServicesTitle_api" class="tarteaucitronHidden" style="display: block;">            <div class="tarteaucitronTitle">               <a href="#" onclick="tarteaucitron.userInterface.toggle('tarteaucitronDetailsapi', 'tarteaucitronInfoBox');return false">✛</a>Statistiques</div>            <div id="tarteaucitronDetailsapi" class="tarteaucitronDetails tarteaucitronInfoBox">               APIs are used to load scripts: geolocation, search engines, translations, ...            </div>         </div>         <div id="tarteaucitronServices_api"><div id="appdynamicsLine" class="tarteaucitronLine" style="border-left: 5px solid rgb(156, 26, 26);">   <div class="tarteaucitronName">       <b>Évaluation de la performance et de la disponibilité de nos applications</b><br>       <span id="tacCLappdynamics" class="tarteaucitronListCookies">This service can install 1 cookie.</span><br>       <a href="https://www.transgourmet.fr/mentions-legales" target="_blank">           Read more       </a>        -        <a href="https://www.appdynamics.com/" target="_blank">           View the official website       </a>   </div>   <div class="tarteaucitronAsk">       <div id="appdynamicsAllowed" class="tarteaucitronAllow" onclick="tarteaucitron.userInterface.respond(this, true);" style="background-color: rgb(128, 128, 128);">           ✓ Allow       </div>        <div id="appdynamicsDenied" class="tarteaucitronDeny" onclick="tarteaucitron.userInterface.respond(this, false);" style="background-color: rgb(156, 26, 26);">           ✗ Deny       </div>   </div></div><div id="googletagmanagerLine" class="tarteaucitronLine" style="border-left: 5px solid rgb(156, 26, 26);">   <div class="tarteaucitronName">       <b>Analyse d'audience numérique du site</b><br>       <span id="tacCLgoogletagmanager" class="tarteaucitronListCookies">This service can install 22 cookies.</span><br>       <a href="https://www.transgourmet.fr/mentions-legales" target="_blank">           Read more       </a>        -        <a href="http://www.google.com/ads/preferences/" target="_blank">           View the official website       </a>   </div>   <div class="tarteaucitronAsk">       <div id="googletagmanagerAllowed" class="tarteaucitronAllow" onclick="tarteaucitron.userInterface.respond(this, true);" style="background-color: rgb(128, 128, 128);">           ✓ Allow       </div>        <div id="googletagmanagerDenied" class="tarteaucitronDeny" onclick="tarteaucitron.userInterface.respond(this, false);" style="background-color: rgb(156, 26, 26);">           ✗ Deny       </div>   </div></div></div>         <div id="tarteaucitronServicesTitle_ads" class="tarteaucitronHidden">            <div class="tarteaucitronTitle">               <a href="#" onclick="tarteaucitron.userInterface.toggle('tarteaucitronDetailsads', 'tarteaucitronInfoBox');return false">✛</a> Advertising network            </div>            <div id="tarteaucitronDetailsads" class="tarteaucitronDetails tarteaucitronInfoBox">               Ad networks can generate revenue by selling advertising space on the site.            </div>         </div>         <div id="tarteaucitronServices_ads"></div>         <div id="tarteaucitronServicesTitle_analytic" class="tarteaucitronHidden">            <div class="tarteaucitronTitle">               <a href="#" onclick="tarteaucitron.userInterface.toggle('tarteaucitronDetailsanalytic', 'tarteaucitronInfoBox');return false">✛</a> Audience measurement            </div>            <div id="tarteaucitronDetailsanalytic" class="tarteaucitronDetails tarteaucitronInfoBox">               The audience measurement services used to generate useful statistics attendance to improve the site.            </div>         </div>         <div id="tarteaucitronServices_analytic"></div>         <div id="tarteaucitronServicesTitle_comment" class="tarteaucitronHidden">            <div class="tarteaucitronTitle">               <a href="#" onclick="tarteaucitron.userInterface.toggle('tarteaucitronDetailscomment', 'tarteaucitronInfoBox');return false">✛</a> Comments            </div>            <div id="tarteaucitronDetailscomment" class="tarteaucitronDetails tarteaucitronInfoBox">               Comments managers facilitate the filing of comments and fight against spam.            </div>         </div>         <div id="tarteaucitronServices_comment"></div>         <div id="tarteaucitronServicesTitle_social" class="tarteaucitronHidden">            <div class="tarteaucitronTitle">               <a href="#" onclick="tarteaucitron.userInterface.toggle('tarteaucitronDetailssocial', 'tarteaucitronInfoBox');return false">✛</a> Social networks            </div>            <div id="tarteaucitronDetailssocial" class="tarteaucitronDetails tarteaucitronInfoBox">               Social networks can improve the usability of the site and help to promote it via the shares.            </div>         </div>         <div id="tarteaucitronServices_social"></div>         <div id="tarteaucitronServicesTitle_support" class="tarteaucitronHidden">            <div class="tarteaucitronTitle">               <a href="#" onclick="tarteaucitron.userInterface.toggle('tarteaucitronDetailssupport', 'tarteaucitronInfoBox');return false">✛</a> Support            </div>            <div id="tarteaucitronDetailssupport" class="tarteaucitronDetails tarteaucitronInfoBox">               Support services allow you to get in touch with the site team and help to improve it.            </div>         </div>         <div id="tarteaucitronServices_support"></div>         <div id="tarteaucitronServicesTitle_video" class="tarteaucitronHidden">            <div class="tarteaucitronTitle">               <a href="#" onclick="tarteaucitron.userInterface.toggle('tarteaucitronDetailsvideo', 'tarteaucitronInfoBox');return false">✛</a> Videos            </div>            <div id="tarteaucitronDetailsvideo" class="tarteaucitronDetails tarteaucitronInfoBox">               Video sharing services help to add rich media on the site and increase its visibility.            </div>         </div>         <div id="tarteaucitronServices_video"></div>         <div class="tarteaucitronHidden" id="tarteaucitronScrollbarChild" style="height:20px;display:block"></div>       </div>   </div></div><div id="tarteaucitronAlertBig" class="tarteaucitronAlertBigTop" style="display: none;">   <div style="float:left; margin-right: 300px"><span id="tarteaucitronDisclaimerAlert">       If you continue to browse this website, you are allowing all third-party services   </span>   <a style="text-decoration:underline" href="https://www.transgourmet.fr/mentions-legales">Read more</a></div>   <div style="float:right; width:290px;position:relative;top:-30px" id="tarteaucitronBtnContainer"><span id="tarteaucitronPersonalize" onclick="tarteaucitron.userInterface.respondAll(true);">Tout accepter</span>   <span id="tarteaucitronAllDenied" class="tarteaucitronDeny" style="background-color: rgb(128, 128, 128);">Tout refuser</span><span id="tarteaucitronCloseAlert" onclick="tarteaucitron.userInterface.openPanel();">       Personalize   </span></div></div><div id="tarteaucitronPercentage" style="display: none;"></div></div><eg-modal _ngcontent-wkf-c231="" id="modal-product-gabarit"><div class="tr-modal tr-show modal-product-gabarit"><div class="tr-modal-body"><button _ngcontent-wkf-c231="" type="button" aria-label="Close" class="close"><svg-icon _ngcontent-wkf-c231="" src="assets/svg/close-popup.svg"><svg xmlns="http://www.w3.org/2000/svg" viewBox="0 0 20 20" _ngcontent-wkf-c231="" aria-hidden="true" style="height: 15px; width: 24px;">
                     <path d="M12,10l7.56-7.57a1.38,1.38,0,0,0,0-2,1.45,1.45,0,0,0-2,0L10,8,2.44.4a1.43,1.43,0,0,0-1-.4,1.43,1.43,0,0,0-1,.4,1.38,1.38,0,0,0,0,2L8,10,.43,17.55a1.38,1.38,0,0,0,0,2,1.62,1.62,0,0,0,.45.34,1.32,1.32,0,0,0,.55.1A1.32,1.32,0,0,0,2,19.9a1.62,1.62,0,0,0,.45-.34L10,12l7.56,7.57a1.38,1.38,0,0,0,.52.34,1.22,1.22,0,0,0,1,0,1.4,1.4,0,0,0,.52-2.35Z" fill="#c30d25" _ngcontent-wkf-c231=""></path>
                    </svg></svg-icon></button><div _ngcontent-wkf-c231="" id="modalConfirm" class="fade modal-confirm show"><div _ngcontent-wkf-c231="" class="modal-dialog"><div _ngcontent-wkf-c231="" class="container produit"><section _ngcontent-wkf-c231="" class="product-summary"><!----></section></div></div></div></div></div><div class="tr-modal-background"></div></eg-modal><eg-modal _ngcontent-wkf-c233="" id="modal-unavailable-catalog"><div class="tr-modal tr-show"><div class="tr-modal-body"><button _ngcontent-wkf-c233="" type="button" aria-label="Close" class="close"><svg-icon _ngcontent-wkf-c233="" src="assets/svg/close-popup.svg"><svg xmlns="http://www.w3.org/2000/svg" viewBox="0 0 20 20" _ngcontent-wkf-c233="" aria-hidden="true" style="height: 15px; width: 24px;">
                     <path d="M12,10l7.56-7.57a1.38,1.38,0,0,0,0-2,1.45,1.45,0,0,0-2,0L10,8,2.44.4a1.43,1.43,0,0,0-1-.4,1.43,1.43,0,0,0-1,.4,1.38,1.38,0,0,0,0,2L8,10,.43,17.55a1.38,1.38,0,0,0,0,2,1.62,1.62,0,0,0,.45.34,1.32,1.32,0,0,0,.55.1A1.32,1.32,0,0,0,2,19.9a1.62,1.62,0,0,0,.45-.34L10,12l7.56,7.57a1.38,1.38,0,0,0,.52.34,1.22,1.22,0,0,0,1,0,1.4,1.4,0,0,0,.52-2.35Z" fill="#c30d25" _ngcontent-wkf-c233=""></path>
                    </svg></svg-icon></button><div _ngcontent-wkf-c233="" id="modalConfirm" class="fade modal-confirm show"><div _ngcontent-wkf-c233="" class="modal-dialog"><div _ngcontent-wkf-c233="" class="modal-header"></div><div _ngcontent-wkf-c233="" class="modal-body"> Le catalogue demandé est indisponible ou n'existe pas. Vous allez être redirigé vers notre section catalogue </div><div _ngcontent-wkf-c233="" class="modal-footer"><div _ngcontent-wkf-c233="" class="row justify-content-center w-100"><button _ngcontent-wkf-c233="" type="button" aria-label="Close" class="col-7 col-md-5 btn btn-primary"> Voir les catalogues disponibles </button></div></div></div></div></div></div><div class="tr-modal-background"></div></eg-modal><eg-modal _ngcontent-wkf-c162="" id="modal-error-top-horaire"><div class="tr-modal tr-show"><div class="tr-modal-body"><button _ngcontent-wkf-c162="" type="button" aria-label="Close" class="close"><svg-icon _ngcontent-wkf-c162="" src="assets/svg/close-popup.svg"><svg xmlns="http://www.w3.org/2000/svg" viewBox="0 0 20 20" _ngcontent-wkf-c162="" aria-hidden="true" style="height: 15px; width: 24px;">
                     <path d="M12,10l7.56-7.57a1.38,1.38,0,0,0,0-2,1.45,1.45,0,0,0-2,0L10,8,2.44.4a1.43,1.43,0,0,0-1-.4,1.43,1.43,0,0,0-1,.4,1.38,1.38,0,0,0,0,2L8,10,.43,17.55a1.38,1.38,0,0,0,0,2,1.62,1.62,0,0,0,.45.34,1.32,1.32,0,0,0,.55.1A1.32,1.32,0,0,0,2,19.9a1.62,1.62,0,0,0,.45-.34L10,12l7.56,7.57a1.38,1.38,0,0,0,.52.34,1.22,1.22,0,0,0,1,0,1.4,1.4,0,0,0,.52-2.35Z" fill="#c30d25" _ngcontent-wkf-c162=""></path>
                    </svg></svg-icon></button><div _ngcontent-wkf-c162="" id="modalConfirm" class="fade modal-confirm show"><div _ngcontent-wkf-c162="" class="modal-dialog"><div _ngcontent-wkf-c162="" class="modal-header"><h5 _ngcontent-wkf-c162="" id="confirmModalLabel" class="modal-title">Erreur: Top horaire dépassé</h5></div><div _ngcontent-wkf-c162="" class="modal-body"> Le top horaire est dépassé. Vous devez saisir une nouvelle date de livraison. </div><div _ngcontent-wkf-c162="" class="modal-footer"><div _ngcontent-wkf-c162="" class="row justify-content-center w-100"><button _ngcontent-wkf-c162="" type="button" aria-label="Close" class="col-7 col-md-5 btn btn-secondary">Fermer </button></div></div></div></div></div></div><div class="tr-modal-background"></div></eg-modal><eg-modal _ngcontent-wkf-c164="" id="modal-message"><div class="tr-modal tr-show"><div class="tr-modal-body"><button _ngcontent-wkf-c164="" type="button" aria-label="Close" class="close"><svg-icon _ngcontent-wkf-c164="" src="assets/svg/close-popup.svg"><svg xmlns="http://www.w3.org/2000/svg" viewBox="0 0 20 20" _ngcontent-wkf-c164="" aria-hidden="true" style="height: 15px; width: 24px;">
                     <path d="M12,10l7.56-7.57a1.38,1.38,0,0,0,0-2,1.45,1.45,0,0,0-2,0L10,8,2.44.4a1.43,1.43,0,0,0-1-.4,1.43,1.43,0,0,0-1,.4,1.38,1.38,0,0,0,0,2L8,10,.43,17.55a1.38,1.38,0,0,0,0,2,1.62,1.62,0,0,0,.45.34,1.32,1.32,0,0,0,.55.1A1.32,1.32,0,0,0,2,19.9a1.62,1.62,0,0,0,.45-.34L10,12l7.56,7.57a1.38,1.38,0,0,0,.52.34,1.22,1.22,0,0,0,1,0,1.4,1.4,0,0,0,.52-2.35Z" fill="#c30d25" _ngcontent-wkf-c164=""></path>
                    </svg></svg-icon></button><div _ngcontent-wkf-c164="" id="modalConfirm" class="fade modal-confirm show"><div _ngcontent-wkf-c164="" class="modal-dialog"><div _ngcontent-wkf-c164="" class="modal-header"></div><div _ngcontent-wkf-c164="" class="modal-body"></div><div _ngcontent-wkf-c164="" class="modal-footer"><div _ngcontent-wkf-c164="" class="row justify-content-center w-100"><button _ngcontent-wkf-c164="" type="button" aria-label="Close" class="col-7 col-md-5 btn btn-primary mb-2 mb-md-0 mr-md-2"></button><button _ngcontent-wkf-c164="" type="button" aria-label="Close" class="col-7 col-md-5 btn btn-secondary">Je modifie mon panier </button></div></div></div></div></div></div><div class="tr-modal-background"></div></eg-modal><eg-modal _ngcontent-wkf-c167="" id="modalListSuggestion"><div class="tr-modal tr-show"><div class="tr-modal-body"><button _ngcontent-wkf-c167="" type="button" aria-label="Close" class="close closeSuggestion"><svg-icon _ngcontent-wkf-c167="" src="assets/svg/close-popup.svg"><svg xmlns="http://www.w3.org/2000/svg" viewBox="0 0 20 20" _ngcontent-wkf-c167="" aria-hidden="true" style="height: 15px; width: 24px;">
                     <path d="M12,10l7.56-7.57a1.38,1.38,0,0,0,0-2,1.45,1.45,0,0,0-2,0L10,8,2.44.4a1.43,1.43,0,0,0-1-.4,1.43,1.43,0,0,0-1,.4,1.38,1.38,0,0,0,0,2L8,10,.43,17.55a1.38,1.38,0,0,0,0,2,1.62,1.62,0,0,0,.45.34,1.32,1.32,0,0,0,.55.1A1.32,1.32,0,0,0,2,19.9a1.62,1.62,0,0,0,.45-.34L10,12l7.56,7.57a1.38,1.38,0,0,0,.52.34,1.22,1.22,0,0,0,1,0,1.4,1.4,0,0,0,.52-2.35Z" fill="#c30d25" _ngcontent-wkf-c167=""></path>
                    </svg></svg-icon></button><div _ngcontent-wkf-c167="" id="modalConfirm" class="fade modal-confirm show"><div _ngcontent-wkf-c167="" class="modal-dialog modal-cible modalConfirmSuggestion"><eg-product-list _ngcontent-wkf-c167="" productviewmode="mini-cart-responsive" viewmodesuggestionresponsivemodal="viewModeSuggestionResponsiveModal" _nghost-wkf-c159="" class="ng-star-inserted"><!----><!----><div _ngcontent-wkf-c159="" id="productListContainer" class="productListContainer"><div _ngcontent-wkf-c159="" class="container-md-fluid ng-star-inserted"><div _ngcontent-wkf-c159="" class="pt-lg-3 pl-lg-2 text-center red sizeLarger ng-star-inserted">Nos suggestions</div><!----><div _ngcontent-wkf-c159="" infinitescroll="" class="scrollable-content"><!----></div></div><!----><!----></div><!----></eg-product-list><!----></div></div></div></div><div class="tr-modal-background"></div></eg-modal><eg-modal _ngcontent-wkf-c162="" id="modal-error-top-horaire"><div class="tr-modal tr-show"><div class="tr-modal-body"><button _ngcontent-wkf-c162="" type="button" aria-label="Close" class="close"><svg-icon _ngcontent-wkf-c162="" src="assets/svg/close-popup.svg"><svg xmlns="http://www.w3.org/2000/svg" viewBox="0 0 20 20" _ngcontent-wkf-c162="" aria-hidden="true" style="height: 15px; width: 24px;">
                     <path d="M12,10l7.56-7.57a1.38,1.38,0,0,0,0-2,1.45,1.45,0,0,0-2,0L10,8,2.44.4a1.43,1.43,0,0,0-1-.4,1.43,1.43,0,0,0-1,.4,1.38,1.38,0,0,0,0,2L8,10,.43,17.55a1.38,1.38,0,0,0,0,2,1.62,1.62,0,0,0,.45.34,1.32,1.32,0,0,0,.55.1A1.32,1.32,0,0,0,2,19.9a1.62,1.62,0,0,0,.45-.34L10,12l7.56,7.57a1.38,1.38,0,0,0,.52.34,1.22,1.22,0,0,0,1,0,1.4,1.4,0,0,0,.52-2.35Z" fill="#c30d25" _ngcontent-wkf-c162=""></path>
                    </svg></svg-icon></button><div _ngcontent-wkf-c162="" id="modalConfirm" class="fade modal-confirm show"><div _ngcontent-wkf-c162="" class="modal-dialog"><div _ngcontent-wkf-c162="" class="modal-header"><h5 _ngcontent-wkf-c162="" id="confirmModalLabel" class="modal-title">Erreur: Top horaire dépassé</h5></div><div _ngcontent-wkf-c162="" class="modal-body"> Le top horaire est dépassé. Vous devez saisir une nouvelle date de livraison. </div><div _ngcontent-wkf-c162="" class="modal-footer"><div _ngcontent-wkf-c162="" class="row justify-content-center w-100"><button _ngcontent-wkf-c162="" type="button" aria-label="Close" class="col-7 col-md-5 btn btn-secondary">Fermer </button></div></div></div></div></div></div><div class="tr-modal-background"></div></eg-modal></body></html>
